<?xml version="1.0" encoding="UTF-8"?>
<!DOCTYPE html PUBLIC "-//W3C//DTD XHTML 1.0 Transitional//EN"
    "http://www.w3.org/TR/xhtml1/DTD/xhtml1-transitional.dtd">
<html xmlns="http://www.w3.org/1999/xhtml" xml:lang="en" lang="en">
 <head>
  <title>
</title>
<meta http-equiv="Content-Type" content="text/html;charset=utf-8" />
  <meta name='ocr-system' content='tesseract 3.04.00' />
  <meta name='ocr-capabilities' content='ocr_page ocr_carea ocr_par ocr_line ocrx_word'/>
</head>
<body>
  <div class='ocr_page' id='page_1' title='image "./ioannesphilopon00philgoog_0506.png"; bbox 0 0 2394 4208; ppageno 0'>
   <div class='ocr_carea' id='block_1_1' title="bbox 67 519 1082 594">
    <p class='ocr_par' dir='ltr' id='par_1_1' title="bbox 67 519 1082 594">
     <span class='ocr_line' id='line_1_1' title="bbox 67 519 1082 594; baseline 0.013 -18"><span class='ocrx_word' id='word_1_1' title='bbox 67 519 134 576; x_wconf 83' lang='lat' dir='ltr'><strong><em>xm</em></strong></span> <span class='ocrx_word' id='word_1_2' title='bbox 147 521 176 594; x_wconf 86' lang='grc' dir='ltr'><strong><em>ι]</em></strong></span> <span class='ocrx_word' id='word_1_3' title='bbox 336 520 386 576; x_wconf 79' lang='grc' dir='ltr'><strong><em>ου</em></strong></span> <span class='ocrx_word' id='word_1_4' title='bbox 403 521 664 579; x_wconf 68' lang='lat' dir='ltr'><strong>mmmmm</strong></span> <span class='ocrx_word' id='word_1_5' title='bbox 681 522 803 581; x_wconf 74' lang='lat' dir='ltr'><strong><em>mm</em></strong></span> <span class='ocrx_word' id='word_1_6' title='bbox 1015 523 1082 589; x_wconf 74' lang='lat'><strong><em>495</em></strong></span> 
     </span>
    </p>
   </div>
   <div class='ocr_carea' id='block_1_2' title="bbox 67 682 1131 3761">
    <p class='ocr_par' dir='ltr' id='par_1_2' title="bbox 67 682 1131 3761">
     <span class='ocr_line' id='line_1_2' title="bbox 67 682 1082 773; baseline 0.005 -25"><span class='ocrx_word' id='word_1_7' title='bbox 67 685 153 768; x_wconf 78' lang='grc' dir='ltr'><strong><em>νητά</em></strong></span> <span class='ocrx_word' id='word_1_8' title='bbox 182 685 263 750; x_wconf 86' lang='grc' dir='ltr'><strong><em>ὅντα</em></strong></span> <span class='ocrx_word' id='word_1_9' title='bbox 292 682 348 750; x_wconf 82' lang='grc' dir='ltr'><strong><em>καὶ</em></strong></span> <span class='ocrx_word' id='word_1_10' title='bbox 377 688 515 772; x_wconf 79' lang='grc' dir='ltr'><strong><em>φθαρτὰ</em></strong></span> <span class='ocrx_word' id='word_1_11' title='bbox 545 685 608 752; x_wconf 84' lang='grc' dir='ltr'><strong><em>οὐκ</em></strong></span> <span class='ocrx_word' id='word_1_12' title='bbox 634 688 725 767; x_wconf 81' lang='grc' dir='ltr'><strong><em>έστιη</em></strong></span> <span class='ocrx_word' id='word_1_13' title='bbox 750 684 834 773; x_wconf 82' lang='grc' dir='ltr'><strong><em>μέρη</em></strong></span> <span class='ocrx_word' id='word_1_14' title='bbox 860 695 922 752; x_wconf 84' lang='grc' dir='ltr'><strong><em>τοῦ</em></strong></span> <span class='ocrx_word' id='word_1_15' title='bbox 944 689 1082 771; x_wconf 89' lang='grc' dir='ltr'><strong><em>κόσμου,</em></strong></span> 
     </span>
     <span class='ocr_line' id='line_1_3' title="bbox 70 787 1082 879; baseline 0.003 -24"><span class='ocrx_word' id='word_1_16' title='bbox 70 787 172 856; x_wconf 74' lang='grc' dir='ltr'><strong><em>οὐδὲν</em></strong></span> <span class='ocrx_word' id='word_1_17' title='bbox 200 787 237 856; x_wconf 73' lang='grc' dir='ltr'><strong><em>δὲ</em></strong></span> <span class='ocrx_word' id='word_1_18' title='bbox 264 794 355 858; x_wconf 85' lang='grc' dir='ltr'><strong><em>ἔστιν</em></strong></span> <span class='ocrx_word' id='word_1_19' title='bbox 382 792 482 879; x_wconf 98' lang='grc' dir='ltr'><strong><em>μέρος</em></strong></span> <span class='ocrx_word' id='word_1_20' title='bbox 504 797 687 879; x_wconf 76' lang='grc' dir='ltr'><strong><em>στοιχείου,</em></strong></span> <span class='ocrx_word' id='word_1_21' title='bbox 714 791 733 858; x_wconf 92' lang='lat'>6</span> <span class='ocrx_word' id='word_1_22' title='bbox 759 794 803 878; x_wconf 76' lang='grc' dir='ltr'><strong><em>μὴ</em></strong></span> <span class='ocrx_word' id='word_1_23' title='bbox 827 796 968 878; x_wconf 77' lang='grc' dir='ltr'><strong><em>γενητόν</em></strong></span> <span class='ocrx_word' id='word_1_24' title='bbox 990 791 1082 859; x_wconf 75' lang='grc' dir='ltr'><strong><em>ἐστιν</em></strong></span> 
     </span>
     <span class='ocr_line' id='line_1_4' title="bbox 68 896 1080 987; baseline 0.003 -25"><span class='ocrx_word' id='word_1_25' title='bbox 68 896 125 962; x_wconf 80' lang='grc' dir='ltr'><strong><em>καί</em></strong></span> <span class='ocrx_word' id='word_1_26' title='bbox 155 901 322 985; x_wconf 79' lang='grc' dir='ltr'><strong><em>φθαρτόν,</em></strong></span> <span class='ocrx_word' id='word_1_27' title='bbox 352 896 454 965; x_wconf 73' lang='grc' dir='ltr'><strong><em>οὐδὲν</em></strong></span> <span class='ocrx_word' id='word_1_28' title='bbox 483 901 548 986; x_wconf 85' lang='grc' dir='ltr'><strong><em>άρα</em></strong></span> <span class='ocrx_word' id='word_1_29' title='bbox 578 903 745 985; x_wconf 80' lang='grc' dir='ltr'><strong><em>στοιχείου</em></strong></span> <span class='ocrx_word' id='word_1_30' title='bbox 777 900 877 987; x_wconf 88' lang='grc' dir='ltr'><strong><em>μέρος</em></strong></span> <span class='ocrx_word' id='word_1_31' title='bbox 907 909 968 966; x_wconf 89' lang='grc' dir='ltr'><strong><em>τοῦ</em></strong></span> <span class='ocrx_word' id='word_1_32' title='bbox 998 900 1080 966; x_wconf 95' lang='grc' dir='ltr'><strong><em>ὅλου</em></strong></span> 
     </span>
     <span class='ocr_line' id='line_1_5' title="bbox 68 1004 1083 1093; baseline 0.006 -25"><span class='ocrx_word' id='word_1_33' title='bbox 68 1007 196 1088; x_wconf 85' lang='grc' dir='ltr'><strong><em>κόσμου</em></strong></span> <span class='ocrx_word' id='word_1_34' title='bbox 216 1004 307 1071; x_wconf 77' lang='grc' dir='ltr'><strong><em>ἐστίν</em></strong></span> <span class='ocrx_word' id='word_1_35' title='bbox 323 1005 433 1093; x_wconf 91' lang='grc' dir='ltr'><strong><em>μέρος.</em></strong></span> <span class='ocrx_word' id='word_1_36' title='bbox 465 1005 549 1072; x_wconf 80' lang='grc' dir='ltr'><strong><em>ἀλλὰ</em></strong></span> <span class='ocrx_word' id='word_1_37' title='bbox 566 1008 633 1091; x_wconf 82' lang='grc' dir='ltr'><strong><em>μὴν</em></strong></span> <span class='ocrx_word' id='word_1_38' title='bbox 651 1006 733 1072; x_wconf 90' lang='grc' dir='ltr'><strong><em>ὅλον</em></strong></span> <span class='ocrx_word' id='word_1_39' title='bbox 754 1004 896 1073; x_wconf 78' lang='grc' dir='ltr'><strong><em>ἕκαστον</em></strong></span> <span class='ocrx_word' id='word_1_40' title='bbox 916 1019 1083 1092; x_wconf 73' lang='grc' dir='ltr'><strong><em>στοιχείου</em></strong></span> 
     </span>
     <span class='ocr_line' id='line_1_6' title="bbox 70 1107 1122 1200; baseline 0.007 -24"><span class='ocrx_word' id='word_1_41' title='bbox 70 1107 172 1176; x_wconf 78' lang='grc' dir='ltr'><strong><em>οὐδὲν</em></strong></span> <span class='ocrx_word' id='word_1_42' title='bbox 194 1110 308 1198; x_wconf 78' lang='grc' dir='ltr'><strong><em>ἕτερόν</em></strong></span> <span class='ocrx_word' id='word_1_43' title='bbox 331 1112 423 1179; x_wconf 81' lang='grc' dir='ltr'><strong><em>ἐστιν</em></strong></span> <span class='ocrx_word' id='word_1_44' title='bbox 439 1113 460 1197; x_wconf 75' lang='grc' dir='ltr'><em>ἢ</em></span> <span class='ocrx_word' id='word_1_45' title='bbox 478 1115 587 1181; x_wconf 83' lang='grc' dir='ltr'><strong><em>πάντα</em></strong></span> <span class='ocrx_word' id='word_1_46' title='bbox 604 1115 644 1180; x_wconf 84' lang='grc' dir='ltr'><strong><em>τὰ</em></strong></span> <span class='ocrx_word' id='word_1_47' title='bbox 662 1111 784 1180; x_wconf 79' lang='grc' dir='ltr'><strong><em>ἑαυτοῦ</em></strong></span> <span class='ocrx_word' id='word_1_48' title='bbox 802 1113 884 1200; x_wconf 82' lang='grc' dir='ltr'><strong><em>μέρη</em></strong></span> <span class='ocrx_word' id='word_1_49' title='bbox 903 1116 971 1199; x_wconf 84' lang='grc' dir='ltr'><strong><em>άμα</em></strong></span> <span class='ocrx_word' id='word_1_50' title='bbox 988 1117 1082 1181; x_wconf 85' lang='grc' dir='ltr'><strong><em>ὅντα·</em></strong></span> <span class='ocrx_word' id='word_1_51' title='bbox 1108 1141 1122 1183; x_wconf 81' lang='grc' dir='ltr'><strong><em>ι</em></strong></span> 
     </span>
     <span class='ocr_line' id='line_1_7' title="bbox 68 1216 1081 1306; baseline 0.006 -23"><span class='ocrx_word' id='word_1_52' title='bbox 68 1216 144 1284; x_wconf 87' lang='grc' dir='ltr'><strong><em>οὐδ’</em></strong></span> <span class='ocrx_word' id='word_1_53' title='bbox 173 1220 238 1305; x_wconf 80' lang='grc' dir='ltr'><strong><em>ὅρα</em></strong></span> <span class='ocrx_word' id='word_1_54' title='bbox 269 1221 309 1284; x_wconf 84' lang='grc' dir='ltr'><strong><em>τὰ</em></strong></span> <span class='ocrx_word' id='word_1_55' title='bbox 341 1220 402 1286; x_wconf 88' lang='grc' dir='ltr'><strong><em>ὅλα</em></strong></span> <span class='ocrx_word' id='word_1_56' title='bbox 433 1231 579 1306; x_wconf 84' lang='grc' dir='ltr'><strong><em>στοιχεία</em></strong></span> <span class='ocrx_word' id='word_1_57' title='bbox 613 1219 696 1306; x_wconf 86' lang='grc' dir='ltr'><strong><em>μέρη</em></strong></span> <span class='ocrx_word' id='word_1_58' title='bbox 732 1229 794 1286; x_wconf 90' lang='grc' dir='ltr'><strong><em>τοῦ</em></strong></span> <span class='ocrx_word' id='word_1_59' title='bbox 825 1223 952 1305; x_wconf 87' lang='grc' dir='ltr'><strong><em>κόσμου</em></strong></span> <span class='ocrx_word' id='word_1_60' title='bbox 986 1222 1081 1289; x_wconf 87' lang='grc' dir='ltr'><strong><em>είσίν.</em></strong></span> 
     </span>
     <span class='ocr_line' id='line_1_8' title="bbox 67 1323 1080 1414; baseline 0.006 -25"><span class='ocrx_word' id='word_1_61' title='bbox 67 1329 176 1390; x_wconf 83' lang='grc' dir='ltr'><strong><em>καίτοι</em></strong></span> <span class='ocrx_word' id='word_1_62' title='bbox 205 1323 261 1392; x_wconf 82' lang='grc' dir='ltr'><strong><em>καὶ</em></strong></span> <span class='ocrx_word' id='word_1_63' title='bbox 290 1326 390 1405; x_wconf 88' lang='grc' dir='ltr'><strong><em>αὐτὸς</em></strong></span> <span class='ocrx_word' id='word_1_64' title='bbox 420 1328 438 1394; x_wconf 99' lang='lat'>6</span> <span class='ocrx_word' id='word_1_65' title='bbox 469 1330 623 1414; x_wconf 76' lang='grc' dir='ltr'><strong><em>Πρόκλος</em></strong></span> <span class='ocrx_word' id='word_1_66' title='bbox 653 1327 691 1393; x_wconf 85' lang='grc' dir='ltr'><strong><em>έν</em></strong></span> <span class='ocrx_word' id='word_1_67' title='bbox 718 1327 851 1405; x_wconf 85' lang='grc' dir='ltr'><strong><em>τούτοις</em></strong></span> <span class='ocrx_word' id='word_1_68' title='bbox 879 1326 962 1413; x_wconf 78' lang='grc' dir='ltr'><strong><em>μέρη</em></strong></span> <span class='ocrx_word' id='word_1_69' title='bbox 994 1324 1080 1395; x_wconf 73' lang='grc' dir='ltr'><strong><em>εἶναι</em></strong></span> 
     </span>
     <span class='ocr_line' id='line_1_9' title="bbox 67 1434 1081 1521; baseline 0.007 -26"><span class='ocrx_word' id='word_1_70' title='bbox 67 1441 129 1496; x_wconf 88' lang='grc' dir='ltr'><strong><em>τοῦ</em></strong></span> <span class='ocrx_word' id='word_1_71' title='bbox 157 1434 285 1516; x_wconf 86' lang='grc' dir='ltr'><strong><em>κόσμου</em></strong></span> <span class='ocrx_word' id='word_1_72' title='bbox 313 1435 353 1498; x_wconf 83' lang='grc' dir='ltr'><strong><em>τά</em></strong></span> <span class='ocrx_word' id='word_1_73' title='bbox 375 1444 522 1519; x_wconf 75' lang='grc' dir='ltr'><strong><em>στοιχεῖα</em></strong></span> <span class='ocrx_word' id='word_1_74' title='bbox 542 1435 632 1521; x_wconf 82' lang='grc' dir='ltr'><strong><em>παρά</em></strong></span> <span class='ocrx_word' id='word_1_75' title='bbox 655 1435 838 1512; x_wconf 88' lang='grc' dir='ltr'><strong><em>Πλάτωνος</em></strong></span> <span class='ocrx_word' id='word_1_76' title='bbox 859 1435 974 1518; x_wconf 76' lang='grc' dir='ltr'><strong><em>λαβὼν</em></strong></span> <span class='ocrx_word' id='word_1_77' title='bbox 995 1437 1081 1521; x_wconf 77' lang='grc' dir='ltr'><strong><em>διμο·</em></strong></span> 
     </span>
     <span class='ocr_line' id='line_1_10' title="bbox 69 1535 1081 1628; baseline 0.005 -25"><span class='ocrx_word' id='word_1_78' title='bbox 69 1540 221 1623; x_wconf 85' lang='grc' dir='ltr'><strong><em>λόγησεν.</em></strong></span> <span class='ocrx_word' id='word_1_79' title='bbox 267 1541 297 1605; x_wconf 86' lang='grc' dir='ltr'><strong><em>εί</em></strong></span> <span class='ocrx_word' id='word_1_80' title='bbox 324 1535 388 1607; x_wconf 86' lang='grc' dir='ltr'><strong><em>οὖν</em></strong></span> <span class='ocrx_word' id='word_1_81' title='bbox 415 1543 455 1606; x_wconf 89' lang='grc' dir='ltr'><strong><em>τδι</em></strong></span> <span class='ocrx_word' id='word_1_82' title='bbox 476 1551 623 1627; x_wconf 84' lang='grc' dir='ltr'><strong><em>στοιχείοι</em></strong></span> <span class='ocrx_word' id='word_1_83' title='bbox 643 1539 727 1627; x_wconf 84' lang='grc' dir='ltr'><strong><em>μέρη</em></strong></span> <span class='ocrx_word' id='word_1_84' title='bbox 749 1550 810 1607; x_wconf 88' lang='grc' dir='ltr'><strong><em>τοῦ</em></strong></span> <span class='ocrx_word' id='word_1_85' title='bbox 833 1544 960 1626; x_wconf 83' lang='grc' dir='ltr'><strong><em>κόσμου</em></strong></span> <span class='ocrx_word' id='word_1_86' title='bbox 984 1544 1081 1628; x_wconf 78' lang='grc' dir='ltr'><strong><em>εἰσίν,</em></strong></span> 
     </span>
     <span class='ocr_line' id='line_1_11' title="bbox 67 1643 1121 1734; baseline 0.006 -24"><span class='ocrx_word' id='word_1_87' title='bbox 67 1643 125 1710; x_wconf 82' lang='grc' dir='ltr'><strong><em>καί</em></strong></span> <span class='ocrx_word' id='word_1_88' title='bbox 147 1647 188 1711; x_wconf 85' lang='grc' dir='ltr'><strong><em>τά</em></strong></span> <span class='ocrx_word' id='word_1_89' title='bbox 210 1657 278 1711; x_wconf 73' lang='grc' dir='ltr'><strong><em>τῶν</em></strong></span> <span class='ocrx_word' id='word_1_90' title='bbox 301 1651 473 1733; x_wconf 89' lang='grc' dir='ltr'><strong><em>στοιχείων</em></strong></span> <span class='ocrx_word' id='word_1_91' title='bbox 495 1647 577 1734; x_wconf 87' lang='grc' dir='ltr'><strong><em>μέρη</em></strong></span> <span class='ocrx_word' id='word_1_92' title='bbox 596 1646 652 1713; x_wconf 82' lang='grc' dir='ltr'><strong><em>καί</em></strong></span> <span class='ocrx_word' id='word_1_93' title='bbox 671 1647 754 1712; x_wconf 83' lang='grc' dir='ltr'><strong><em>αύτδ</em></strong></span> <span class='ocrx_word' id='word_1_94' title='bbox 771 1656 833 1713; x_wconf 90' lang='grc' dir='ltr'><strong><em>τοῦ</em></strong></span> <span class='ocrx_word' id='word_1_95' title='bbox 852 1648 934 1714; x_wconf 86' lang='grc' dir='ltr'><strong><em>ὅλου</em></strong></span> <span class='ocrx_word' id='word_1_96' title='bbox 952 1651 1079 1733; x_wconf 88' lang='grc' dir='ltr'><strong><em>κόσμου</em></strong></span> <span class='ocrx_word' id='word_1_97' title='bbox 1095 1676 1121 1716; x_wconf 81' lang='grc' dir='ltr'><strong><em>ιο</em></strong></span> 
     </span>
     <span class='ocr_line' id='line_1_12' title="bbox 68 1753 1079 1842; baseline 0.006 -26"><span class='ocrx_word' id='word_1_98' title='bbox 68 1755 170 1838; x_wconf 85' lang='grc' dir='ltr'><strong><em>μόρια</em></strong></span> <span class='ocrx_word' id='word_1_99' title='bbox 191 1753 345 1839; x_wconf 88' lang='grc' dir='ltr'><strong><em>ὑπάρχει·</em></strong></span> <span class='ocrx_word' id='word_1_100' title='bbox 368 1756 478 1841; x_wconf 80' lang='grc' dir='ltr'><strong><em>ὥσπερ</em></strong></span> <span class='ocrx_word' id='word_1_101' title='bbox 502 1756 565 1842; x_wconf 79' lang='grc' dir='ltr'><strong><em>γάρ</em></strong></span> <span class='ocrx_word' id='word_1_102' title='bbox 587 1754 608 1838; x_wconf 75' lang='grc' dir='ltr'><em>ἡ</em></span> <span class='ocrx_word' id='word_1_103' title='bbox 633 1755 692 1838; x_wconf 89' lang='grc' dir='ltr'><strong><em>ὅλη</em></strong></span> <span class='ocrx_word' id='word_1_104' title='bbox 716 1753 787 1840; x_wconf 78' lang='grc' dir='ltr'><strong><em>χείρ</em></strong></span> <span class='ocrx_word' id='word_1_105' title='bbox 810 1763 871 1819; x_wconf 86' lang='grc' dir='ltr'><strong><em>τοῦ</em></strong></span> <span class='ocrx_word' id='word_1_106' title='bbox 894 1754 1079 1840; x_wconf 80' lang='grc' dir='ltr'><strong><em>ἀνθρώπου</em></strong></span> 
     </span>
     <span class='ocr_line' id='line_1_13' title="bbox 68 1857 1081 1948; baseline 0.002 -23"><span class='ocrx_word' id='word_1_107' title='bbox 68 1857 161 1926; x_wconf 79' lang='grc' dir='ltr'><strong><em>ἐστὶν</em></strong></span> <span class='ocrx_word' id='word_1_108' title='bbox 186 1859 301 1947; x_wconf 83' lang='grc' dir='ltr'><strong><em>μέρος,</em></strong></span> <span class='ocrx_word' id='word_1_109' title='bbox 329 1861 416 1927; x_wconf 79' lang='grc' dir='ltr'><strong><em>οὕτω</em></strong></span> <span class='ocrx_word' id='word_1_110' title='bbox 445 1862 600 1946; x_wconf 88' lang='grc' dir='ltr'><strong><em>δηλονότι</em></strong></span> <span class='ocrx_word' id='word_1_111' title='bbox 627 1860 683 1927; x_wconf 78' lang='grc' dir='ltr'><strong><em>καί</em></strong></span> <span class='ocrx_word' id='word_1_112' title='bbox 708 1862 745 1927; x_wconf 88' lang='grc' dir='ltr'><strong><em>τὸ</em></strong></span> <span class='ocrx_word' id='word_1_113' title='bbox 768 1870 826 1946; x_wconf 78' lang='grc' dir='ltr'><strong><em>τῆς</em></strong></span> <span class='ocrx_word' id='word_1_114' title='bbox 848 1862 958 1947; x_wconf 83' lang='grc' dir='ltr'><strong><em>χειρὸς</em></strong></span> <span class='ocrx_word' id='word_1_115' title='bbox 981 1861 1081 1948; x_wconf 84' lang='grc' dir='ltr'><strong><em>μέρος</em></strong></span> 
     </span>
     <span class='ocr_line' id='line_1_14' title="bbox 69 1964 1080 2054; baseline 0.005 -23"><span class='ocrx_word' id='word_1_116' title='bbox 69 1965 87 2031; x_wconf 92' lang='lat'>6</span> <span class='ocrx_word' id='word_1_117' title='bbox 112 1967 275 2044; x_wconf 89' lang='grc' dir='ltr'><strong><em>δάκτυλος</em></strong></span> <span class='ocrx_word' id='word_1_118' title='bbox 301 1977 362 2034; x_wconf 88' lang='grc' dir='ltr'><strong><em>τοῦ</em></strong></span> <span class='ocrx_word' id='word_1_119' title='bbox 390 1968 472 2034; x_wconf 88' lang='grc' dir='ltr'><strong><em>ὅλου</em></strong></span> <span class='ocrx_word' id='word_1_120' title='bbox 495 1967 679 2054; x_wconf 76' lang='grc' dir='ltr'><strong><em>ἀνθρώπου</em></strong></span> <span class='ocrx_word' id='word_1_121' title='bbox 702 1964 794 2033; x_wconf 78' lang='grc' dir='ltr'><strong><em>ἐστίν</em></strong></span> <span class='ocrx_word' id='word_1_122' title='bbox 815 1966 923 2053; x_wconf 76' lang='grc' dir='ltr'><strong><em>μέρος.</em></strong></span> <span class='ocrx_word' id='word_1_123' title='bbox 968 1968 1080 2054; x_wconf 81' lang='grc' dir='ltr'><strong><em>ἀμέλει</em></strong></span> 
     </span>
     <span class='ocr_line' id='line_1_15' title="bbox 68 2072 1080 2161; baseline 0.003 -23"><span class='ocrx_word' id='word_1_124' title='bbox 68 2077 242 2151; x_wconf 80' lang='grc' dir='ltr'><strong><em>λείποντος</em></strong></span> <span class='ocrx_word' id='word_1_125' title='bbox 265 2075 432 2140; x_wconf 80' lang='grc' dir='ltr'><strong><em>δακτύλου</em></strong></span> <span class='ocrx_word' id='word_1_126' title='bbox 456 2072 531 2152; x_wconf 81' lang='grc' dir='ltr'><strong><em>ἑνὸς</em></strong></span> <span class='ocrx_word' id='word_1_127' title='bbox 553 2075 590 2140; x_wconf 89' lang='grc' dir='ltr'><strong><em>τὸ</em></strong></span> <span class='ocrx_word' id='word_1_128' title='bbox 613 2083 674 2140; x_wconf 90' lang='grc' dir='ltr'><strong><em>τοῦ</em></strong></span> <span class='ocrx_word' id='word_1_129' title='bbox 698 2074 882 2161; x_wconf 79' lang='grc' dir='ltr'><strong><em>ἀνθρώπων</em></strong></span> <span class='ocrx_word' id='word_1_130' title='bbox 907 2085 1001 2160; x_wconf 82' lang='grc' dir='ltr'><strong><em>σῶμα</em></strong></span> <span class='ocrx_word' id='word_1_131' title='bbox 1024 2099 1080 2141; x_wconf 89' lang='grc' dir='ltr'><strong><em>κο-</em></strong></span> 
     </span>
     <span class='ocr_line' id='line_1_16' title="bbox 68 2179 1121 2267; baseline 0.005 -23"><span class='ocrx_word' id='word_1_132' title='bbox 68 2181 173 2262; x_wconf 82' lang='grc' dir='ltr'><strong><em>λοβὸν</em></strong></span> <span class='ocrx_word' id='word_1_133' title='bbox 202 2179 257 2246; x_wconf 79' lang='grc' dir='ltr'><strong><em>καί</em></strong></span> <span class='ocrx_word' id='word_1_134' title='bbox 287 2182 349 2267; x_wconf 83' lang='grc' dir='ltr'><strong><em>οὐχ</em></strong></span> <span class='ocrx_word' id='word_1_135' title='bbox 379 2181 461 2246; x_wconf 91' lang='grc' dir='ltr'><strong><em>ὅλον</em></strong></span> <span class='ocrx_word' id='word_1_136' title='bbox 488 2180 592 2248; x_wconf 86' lang='grc' dir='ltr'><strong><em>έστίν·</em></strong></span> <span class='ocrx_word' id='word_1_137' title='bbox 628 2185 736 2247; x_wconf 90' lang='grc' dir='ltr'><strong><em>καίτοι</em></strong></span> <span class='ocrx_word' id='word_1_138' title='bbox 764 2204 802 2265; x_wconf 74' lang='grc' dir='ltr'><strong><em>με</em></strong></span> <span class='ocrx_word' id='word_1_139' title='bbox 829 2182 859 2246; x_wconf 87' lang='grc' dir='ltr'><strong><em>εί</em></strong></span> <span class='ocrx_word' id='word_1_140' title='bbox 885 2183 929 2266; x_wconf 76' lang='grc' dir='ltr'><strong><em>μὴ</em></strong></span> <span class='ocrx_word' id='word_1_141' title='bbox 958 2182 995 2247; x_wconf 89' lang='grc' dir='ltr'><strong><em>τὸ</em></strong></span> <span class='ocrx_word' id='word_1_142' title='bbox 1018 2192 1080 2249; x_wconf 85' lang='grc' dir='ltr'><strong><em>τοῦ</em></strong></span> <span class='ocrx_word' id='word_1_143' title='bbox 1093 2207 1121 2248; x_wconf 80' lang='grc' dir='ltr'><strong><em>ιε</em></strong></span> 
     </span>
     <span class='ocr_line' id='line_1_17' title="bbox 68 2285 1081 2374; baseline 0.004 -23"><span class='ocrx_word' id='word_1_144' title='bbox 68 2285 191 2372; x_wconf 89' lang='grc' dir='ltr'><strong><em>μέρους</em></strong></span> <span class='ocrx_word' id='word_1_145' title='bbox 220 2287 319 2374; x_wconf 89' lang='grc' dir='ltr'><strong><em>μέρος</em></strong></span> <span class='ocrx_word' id='word_1_146' title='bbox 348 2288 403 2353; x_wconf 81' lang='grc' dir='ltr'><strong><em>καὶ</em></strong></span> <span class='ocrx_word' id='word_1_147' title='bbox 430 2297 491 2353; x_wconf 90' lang='grc' dir='ltr'><strong><em>τοῦ</em></strong></span> <span class='ocrx_word' id='word_1_148' title='bbox 522 2288 603 2354; x_wconf 88' lang='grc' dir='ltr'><strong><em>ὅλου</em></strong></span> <span class='ocrx_word' id='word_1_149' title='bbox 631 2287 730 2374; x_wconf 81' lang='grc' dir='ltr'><strong><em>μέρος</em></strong></span> <span class='ocrx_word' id='word_1_150' title='bbox 760 2288 919 2374; x_wconf 78' lang='grc' dir='ltr'><strong><em>ὑπῆρχεν,</em></strong></span> <span class='ocrx_word' id='word_1_151' title='bbox 949 2289 1012 2353; x_wconf 85' lang='grc' dir='ltr'><strong><em>οὐκ</em></strong></span> <span class='ocrx_word' id='word_1_152' title='bbox 1038 2287 1081 2355; x_wconf 82' lang='grc' dir='ltr'><strong><em>ὅν</em></strong></span> 
     </span>
     <span class='ocr_line' id='line_1_18' title="bbox 68 2392 1080 2480; baseline 0.003 -22"><span class='ocrx_word' id='word_1_153' title='bbox 68 2397 242 2472; x_wconf 82' lang='grc' dir='ltr'><strong><em>λείποντος</em></strong></span> <span class='ocrx_word' id='word_1_154' title='bbox 269 2396 436 2461; x_wconf 78' lang='grc' dir='ltr'><strong><em>δακτύλου</em></strong></span> <span class='ocrx_word' id='word_1_155' title='bbox 464 2392 540 2471; x_wconf 84' lang='grc' dir='ltr'><strong><em>ἑνὸς</em></strong></span> <span class='ocrx_word' id='word_1_156' title='bbox 567 2392 697 2472; x_wconf 72' lang='grc' dir='ltr'><strong><em>ἐλλιπὲς</em></strong></span> <span class='ocrx_word' id='word_1_157' title='bbox 722 2395 760 2460; x_wconf 91' lang='grc' dir='ltr'><strong><em>τὸ</em></strong></span> <span class='ocrx_word' id='word_1_158' title='bbox 789 2395 871 2460; x_wconf 88' lang='grc' dir='ltr'><strong><em>ὅλον</em></strong></span> <span class='ocrx_word' id='word_1_159' title='bbox 898 2407 993 2480; x_wconf 84' lang='grc' dir='ltr'><strong><em>σῶμα</em></strong></span> <span class='ocrx_word' id='word_1_160' title='bbox 1014 2395 1080 2480; x_wconf 79' lang='grc' dir='ltr'><strong><em>ἐγί-</em></strong></span> 
     </span>
     <span class='ocr_line' id='line_1_19' title="bbox 67 2499 1080 2588; baseline 0.002 -23"><span class='ocrx_word' id='word_1_161' title='bbox 67 2524 153 2566; x_wconf 78' lang='grc' dir='ltr'><strong><em>νετο.</em></strong></span> <span class='ocrx_word' id='word_1_162' title='bbox 199 2500 254 2567; x_wconf 79' lang='grc' dir='ltr'><strong><em>καί</em></strong></span> <span class='ocrx_word' id='word_1_163' title='bbox 282 2501 335 2567; x_wconf 74' lang='grc' dir='ltr'><strong><em>ἐπὶ</em></strong></span> <span class='ocrx_word' id='word_1_164' title='bbox 363 2510 423 2566; x_wconf 90' lang='grc' dir='ltr'><strong><em>τοῦ</em></strong></span> <span class='ocrx_word' id='word_1_165' title='bbox 450 2503 579 2586; x_wconf 90' lang='grc' dir='ltr'><strong><em>κόσμου</em></strong></span> <span class='ocrx_word' id='word_1_166' title='bbox 607 2503 685 2588; x_wconf 71' lang='grc' dir='ltr'><strong><em>ἄρα,</em></strong></span> <span class='ocrx_word' id='word_1_167' title='bbox 712 2507 804 2588; x_wconf 87' lang='grc' dir='ltr'><strong><em>είπερ</em></strong></span> <span class='ocrx_word' id='word_1_168' title='bbox 831 2499 914 2587; x_wconf 80' lang='grc' dir='ltr'><strong><em>μέρη</em></strong></span> <span class='ocrx_word' id='word_1_169' title='bbox 941 2510 1002 2567; x_wconf 85' lang='grc' dir='ltr'><strong><em>τοῦ</em></strong></span> <span class='ocrx_word' id='word_1_170' title='bbox 1024 2504 1080 2567; x_wconf 88' lang='grc' dir='ltr'><strong><em>κό-</em></strong></span> 
     </span>
     <span class='ocr_line' id='line_1_20' title="bbox 69 2605 1080 2694; baseline 0.001 -22"><span class='ocrx_word' id='word_1_171' title='bbox 69 2624 156 2691; x_wconf 86' lang='grc' dir='ltr'><strong><em>σμου</em></strong></span> <span class='ocrx_word' id='word_1_172' title='bbox 186 2606 273 2673; x_wconf 79' lang='grc' dir='ltr'><strong><em>εἰσὶν</em></strong></span> <span class='ocrx_word' id='word_1_173' title='bbox 302 2609 343 2673; x_wconf 80' lang='grc' dir='ltr'><strong><em>τά</em></strong></span> <span class='ocrx_word' id='word_1_174' title='bbox 373 2618 532 2692; x_wconf 80' lang='grc' dir='ltr'><strong><em>στοιχεῖα,</em></strong></span> <span class='ocrx_word' id='word_1_175' title='bbox 561 2605 617 2672; x_wconf 79' lang='grc' dir='ltr'><strong><em>καὶ</em></strong></span> <span class='ocrx_word' id='word_1_176' title='bbox 646 2609 686 2673; x_wconf 77' lang='grc' dir='ltr'><strong><em>τό</em></strong></span> <span class='ocrx_word' id='word_1_177' title='bbox 714 2617 782 2673; x_wconf 81' lang='grc' dir='ltr'><strong><em>τῶν</em></strong></span> <span class='ocrx_word' id='word_1_178' title='bbox 811 2612 984 2693; x_wconf 83' lang='grc' dir='ltr'><strong><em>στοιχείων</em></strong></span> <span class='ocrx_word' id='word_1_179' title='bbox 1016 2610 1080 2694; x_wconf 78' lang='grc' dir='ltr'><strong><em>ἄρα</em></strong></span> 
     </span>
     <span class='ocr_line' id='line_1_21' title="bbox 68 2711 1120 2799; baseline 0.005 -22"><span class='ocrx_word' id='word_1_180' title='bbox 68 2711 151 2799; x_wconf 86' lang='grc' dir='ltr'><strong><em>μέρη</em></strong></span> <span class='ocrx_word' id='word_1_181' title='bbox 175 2723 236 2778; x_wconf 84' lang='grc' dir='ltr'><strong><em>τοῦ</em></strong></span> <span class='ocrx_word' id='word_1_182' title='bbox 259 2714 341 2779; x_wconf 82' lang='grc' dir='ltr'><strong><em>ὅλου</em></strong></span> <span class='ocrx_word' id='word_1_183' title='bbox 364 2716 491 2799; x_wconf 86' lang='grc' dir='ltr'><strong><em>κόσμου</em></strong></span> <span class='ocrx_word' id='word_1_184' title='bbox 511 2711 603 2779; x_wconf 78' lang='grc' dir='ltr'><strong><em>ἐστὶν</em></strong></span> <span class='ocrx_word' id='word_1_185' title='bbox 620 2712 712 2799; x_wconf 84' lang='grc' dir='ltr'><strong><em>μίρη.</em></strong></span> <span class='ocrx_word' id='word_1_186' title='bbox 747 2712 803 2779; x_wconf 81' lang='grc' dir='ltr'><strong><em>καὶ</em></strong></span> <span class='ocrx_word' id='word_1_187' title='bbox 821 2715 943 2792; x_wconf 78' lang='grc' dir='ltr'><strong><em>άλλως·</em></strong></span> <span class='ocrx_word' id='word_1_188' title='bbox 965 2717 997 2780; x_wconf 85' lang='grc' dir='ltr'><strong><em>εί</em></strong></span> <span class='ocrx_word' id='word_1_189' title='bbox 1013 2725 1120 2782; x_wconf 65' lang='lat' dir='ltr'><strong><em>mvn</em></strong></span> 
     </span>
     <span class='ocr_line' id='line_1_22' title="bbox 69 2819 1080 2908; baseline 0.002 -23"><span class='ocrx_word' id='word_1_190' title='bbox 69 2825 242 2906; x_wconf 84' lang='grc' dir='ltr'><strong><em>στοιχείων</em></strong></span> <span class='ocrx_word' id='word_1_191' title='bbox 269 2819 410 2886; x_wconf 79' lang='grc' dir='ltr'><strong><em>ἕκαστον</em></strong></span> <span class='ocrx_word' id='word_1_192' title='bbox 434 2821 501 2885; x_wconf 85' lang='grc' dir='ltr'><strong><em>ὑπὸ</em></strong></span> <span class='ocrx_word' id='word_1_193' title='bbox 523 2831 592 2885; x_wconf 77' lang='grc' dir='ltr'><strong><em>τῶν</em></strong></span> <span class='ocrx_word' id='word_1_194' title='bbox 615 2821 712 2885; x_wconf 84' lang='grc' dir='ltr'><strong><em>ίδίων</em></strong></span> <span class='ocrx_word' id='word_1_195' title='bbox 733 2831 844 2906; x_wconf 83' lang='grc' dir='ltr'><strong><em>μερῶν</em></strong></span> <span class='ocrx_word' id='word_1_196' title='bbox 867 2825 1080 2908; x_wconf 85' lang='grc' dir='ltr'><strong><em>συμπληροῦ-</em></strong></span> 
     </span>
     <span class='ocr_line' id='line_1_23' title="bbox 68 2922 1131 3012; baseline 0.002 -21"><span class='ocrx_word' id='word_1_197' title='bbox 68 2951 137 3011; x_wconf 85' lang='grc' dir='ltr'><strong><em>ται,</em></strong></span> <span class='ocrx_word' id='word_1_198' title='bbox 158 2928 162 3012; x_wconf 93' lang='grc' dir='ltr'>Ι</span> <span class='ocrx_word' id='word_1_199' title='bbox 182 2928 284 2993; x_wconf 88' lang='grc' dir='ltr'><strong><em>πάλιν</em></strong></span> <span class='ocrx_word' id='word_1_200' title='bbox 311 2927 339 2992; x_wconf 88' lang='grc' dir='ltr'><strong><em>δ’</em></strong></span> <span class='ocrx_word' id='word_1_201' title='bbox 368 2922 411 2993; x_wconf 85' lang='grc' dir='ltr'><strong><em>αὖ</em></strong></span> <span class='ocrx_word' id='word_1_202' title='bbox 439 2927 456 2993; x_wconf 91' lang='lat'>6</span> <span class='ocrx_word' id='word_1_203' title='bbox 483 2936 548 3004; x_wconf 82' lang='grc' dir='ltr'><strong><em>πᾶς</em></strong></span> <span class='ocrx_word' id='word_1_204' title='bbox 573 2929 698 3011; x_wconf 91' lang='grc' dir='ltr'><strong><em>κόσμος</em></strong></span> <span class='ocrx_word' id='word_1_205' title='bbox 724 2927 789 2993; x_wconf 82' lang='grc' dir='ltr'><strong><em>ὑπὸ</em></strong></span> <span class='ocrx_word' id='word_1_206' title='bbox 817 2937 886 2992; x_wconf 78' lang='grc' dir='ltr'><strong><em>τῶν</em></strong></span> <span class='ocrx_word' id='word_1_207' title='bbox 913 2927 1001 2993; x_wconf 88' lang='grc' dir='ltr'><strong><em>ὅλων</em></strong></span> <span class='ocrx_word' id='word_1_208' title='bbox 1019 2946 1058 2987; x_wconf 76' lang='lat'><strong><em>101.</em></strong></span> <span class='ocrx_word' id='word_1_209' title='bbox 1066 2948 1131 2989; x_wconf 72' lang='lat' dir='ltr'><strong><em>mv.</em></strong></span> 
     </span>
     <span class='ocr_line' id='line_1_24' title="bbox 69 3035 1079 3122; baseline 0 -22"><span class='ocrx_word' id='word_1_210' title='bbox 69 3039 320 3120; x_wconf 87' lang='grc' dir='ltr'><strong><em>συμπληροῦται</em></strong></span> <span class='ocrx_word' id='word_1_211' title='bbox 349 3037 532 3119; x_wconf 87' lang='grc' dir='ltr'><strong><em>στοιχείων,</em></strong></span> <span class='ocrx_word' id='word_1_212' title='bbox 558 3035 599 3099; x_wconf 80' lang='grc' dir='ltr'><strong><em>τά</em></strong></span> <span class='ocrx_word' id='word_1_213' title='bbox 625 3035 690 3118; x_wconf 82' lang='grc' dir='ltr'><strong><em>ὅρα</em></strong></span> <span class='ocrx_word' id='word_1_214' title='bbox 711 3044 780 3098; x_wconf 80' lang='grc' dir='ltr'><strong><em>τῶν</em></strong></span> <span class='ocrx_word' id='word_1_215' title='bbox 802 3037 976 3119; x_wconf 86' lang='grc' dir='ltr'><strong><em>στοιχείων</em></strong></span> <span class='ocrx_word' id='word_1_216' title='bbox 997 3035 1079 3122; x_wconf 82' lang='grc' dir='ltr'><strong><em>μέρη</em></strong></span> 
     </span>
     <span class='ocr_line' id='line_1_25' title="bbox 69 3136 1079 3227; baseline 0.001 -21"><span class='ocrx_word' id='word_1_217' title='bbox 69 3143 130 3206; x_wconf 88' lang='grc' dir='ltr'><strong><em>τὸν</em></strong></span> <span class='ocrx_word' id='word_1_218' title='bbox 167 3142 248 3207; x_wconf 85' lang='grc' dir='ltr'><strong><em>ὅλον</em></strong></span> <span class='ocrx_word' id='word_1_219' title='bbox 284 3146 472 3226; x_wconf 73' lang='grc' dir='ltr'><strong><em>συμπληροῖ</em></strong></span> <span class='ocrx_word' id='word_1_220' title='bbox 502 3142 639 3225; x_wconf 88' lang='grc' dir='ltr'><strong><em>κόσμον.</em></strong></span> <span class='ocrx_word' id='word_1_221' title='bbox 683 3141 724 3204; x_wconf 81' lang='grc' dir='ltr'><strong><em>τά</em></strong></span> <span class='ocrx_word' id='word_1_222' title='bbox 756 3136 793 3205; x_wconf 72' lang='grc' dir='ltr'><strong><em>δὲ</em></strong></span> <span class='ocrx_word' id='word_1_223' title='bbox 825 3137 965 3206; x_wconf 78' lang='grc' dir='ltr'><strong><em>ἑκάστου</em></strong></span> <span class='ocrx_word' id='word_1_224' title='bbox 997 3161 1079 3227; x_wconf 85' lang='grc' dir='ltr'><strong><em>συμ-</em></strong></span> 
     </span>
     <span class='ocr_line' id='line_1_26' title="bbox 67 3245 1120 3335; baseline 0.002 -21"><span class='ocrx_word' id='word_1_225' title='bbox 67 3250 259 3335; x_wconf 81' lang='grc' dir='ltr'><strong><em>πληρωτικδι</em></strong></span> <span class='ocrx_word' id='word_1_226' title='bbox 285 3248 366 3334; x_wconf 86' lang='grc' dir='ltr'><strong><em>μέρη</em></strong></span> <span class='ocrx_word' id='word_1_227' title='bbox 395 3247 500 3312; x_wconf 84' lang='grc' dir='ltr'><strong><em>αὐτοῦ</em></strong></span> <span class='ocrx_word' id='word_1_228' title='bbox 523 3245 623 3312; x_wconf 80' lang='grc' dir='ltr'><strong><em>ἐστιν.</em></strong></span> <span class='ocrx_word' id='word_1_229' title='bbox 667 3248 708 3311; x_wconf 84' lang='grc' dir='ltr'><strong><em>τά</em></strong></span> <span class='ocrx_word' id='word_1_230' title='bbox 730 3248 795 3332; x_wconf 79' lang='grc' dir='ltr'><strong><em>ἄρα</em></strong></span> <span class='ocrx_word' id='word_1_231' title='bbox 816 3258 884 3312; x_wconf 80' lang='grc' dir='ltr'><strong><em>τῶν</em></strong></span> <span class='ocrx_word' id='word_1_232' title='bbox 906 3252 1080 3333; x_wconf 83' lang='grc' dir='ltr'><strong><em>στοιχείων</em></strong></span> <span class='ocrx_word' id='word_1_233' title='bbox 1093 3276 1120 3317; x_wconf 82' lang='grc' dir='ltr'><strong><em>ει</em></strong></span> 
     </span>
     <span class='ocr_line' id='line_1_27' title="bbox 69 3351 1079 3442; baseline 0 -22"><span class='ocrx_word' id='word_1_234' title='bbox 69 3355 153 3442; x_wconf 89' lang='grc' dir='ltr'><strong><em>μέρη</em></strong></span> <span class='ocrx_word' id='word_1_235' title='bbox 177 3364 238 3420; x_wconf 85' lang='grc' dir='ltr'><strong><em>τού</em></strong></span> <span class='ocrx_word' id='word_1_236' title='bbox 262 3354 343 3420; x_wconf 88' lang='grc' dir='ltr'><strong><em>ὅλου</em></strong></span> <span class='ocrx_word' id='word_1_237' title='bbox 364 3356 493 3438; x_wconf 86' lang='grc' dir='ltr'><strong><em>κόσμου</em></strong></span> <span class='ocrx_word' id='word_1_238' title='bbox 516 3352 605 3419; x_wconf 78' lang='grc' dir='ltr'><strong><em>εἰσίν</em></strong></span> <span class='ocrx_word' id='word_1_239' title='bbox 626 3352 721 3439; x_wconf 87' lang='grc' dir='ltr'><strong><em>μέρη·</em></strong></span> <span class='ocrx_word' id='word_1_240' title='bbox 745 3351 786 3417; x_wconf 87' lang='grc' dir='ltr'><strong><em>οὐ</em></strong></span> <span class='ocrx_word' id='word_1_241' title='bbox 810 3353 873 3439; x_wconf 80' lang='grc' dir='ltr'><strong><em>γάρ</em></strong></span> <span class='ocrx_word' id='word_1_242' title='bbox 891 3353 1026 3437; x_wconf 79' lang='grc' dir='ltr'><strong><em>μεγέθει</em></strong></span> <span class='ocrx_word' id='word_1_243' title='bbox 1044 3379 1079 3420; x_wconf 89' lang='grc' dir='ltr'><strong><em>τε</em></strong></span> 
     </span>
     <span class='ocr_line' id='line_1_28' title="bbox 67 3459 1080 3547; baseline -0.004 -19"><span class='ocrx_word' id='word_1_244' title='bbox 67 3462 124 3528; x_wconf 80' lang='grc' dir='ltr'><strong><em>καί</em></strong></span> <span class='ocrx_word' id='word_1_245' title='bbox 152 3465 343 3547; x_wconf 86' lang='grc' dir='ltr'><strong><em>σμικρότητι</em></strong></span> <span class='ocrx_word' id='word_1_246' title='bbox 371 3461 412 3526; x_wconf 85' lang='grc' dir='ltr'><strong><em>τά</em></strong></span> <span class='ocrx_word' id='word_1_247' title='bbox 439 3459 520 3547; x_wconf 88' lang='grc' dir='ltr'><strong><em>μέρη</em></strong></span> <span class='ocrx_word' id='word_1_248' title='bbox 549 3463 710 3546; x_wconf 77' lang='grc' dir='ltr'><strong><em>κρίνεται·</em></strong></span> <span class='ocrx_word' id='word_1_249' title='bbox 750 3459 795 3536; x_wconf 78' lang='grc' dir='ltr'><strong><em>ὡς</em></strong></span> <span class='ocrx_word' id='word_1_250' title='bbox 822 3461 885 3545; x_wconf 82' lang='grc' dir='ltr'><strong><em>γάρ</em></strong></span> <span class='ocrx_word' id='word_1_251' title='bbox 913 3469 971 3544; x_wconf 80' lang='grc' dir='ltr'><strong><em>τῆς</em></strong></span> <span class='ocrx_word' id='word_1_252' title='bbox 1001 3461 1080 3544; x_wconf 87' lang='grc' dir='ltr'><strong><em>ὅλης</em></strong></span> 
     </span>
     <span class='ocr_line' id='line_1_29' title="bbox 68 3565 1079 3653; baseline -0.005 -17"><span class='ocrx_word' id='word_1_253' title='bbox 68 3573 176 3647; x_wconf 87' lang='grc' dir='ltr'><strong><em>οίκίας</em></strong></span> <span class='ocrx_word' id='word_1_254' title='bbox 203 3568 303 3653; x_wconf 87' lang='grc' dir='ltr'><strong><em>μέρος</em></strong></span> <span class='ocrx_word' id='word_1_255' title='bbox 330 3566 421 3633; x_wconf 79' lang='grc' dir='ltr'><strong><em>ἐστίν</em></strong></span> <span class='ocrx_word' id='word_1_256' title='bbox 447 3566 467 3650; x_wconf 77' lang='grc' dir='ltr'><strong><em>ἢ</em></strong></span> <span class='ocrx_word' id='word_1_257' title='bbox 497 3577 662 3651; x_wconf 83' lang='grc' dir='ltr'><strong><em>στοιχεῖον</em></strong></span> <span class='ocrx_word' id='word_1_258' title='bbox 685 3565 703 3631; x_wconf 95' lang='lat'>6</span> <span class='ocrx_word' id='word_1_259' title='bbox 727 3566 911 3651; x_wconf 82' lang='grc' dir='ltr'><strong><em>δεκάπηχυς</em></strong></span> <span class='ocrx_word' id='word_1_260' title='bbox 933 3569 963 3632; x_wconf 84' lang='grc' dir='ltr'><strong><em>εί</em></strong></span> <span class='ocrx_word' id='word_1_261' title='bbox 985 3569 1079 3652; x_wconf 89' lang='grc' dir='ltr'><strong><em>τύχοι</em></strong></span> 
     </span>
     <span class='ocr_line' id='line_1_30' title="bbox 67 3672 1079 3761; baseline -0.005 -17"><span class='ocrx_word' id='word_1_262' title='bbox 67 3682 182 3761; x_wconf 74' lang='grc' dir='ltr'><strong><em>λίθος,</em></strong></span> <span class='ocrx_word' id='word_1_263' title='bbox 212 3677 299 3741; x_wconf 83' lang='grc' dir='ltr'><strong><em>οὕτω</em></strong></span> <span class='ocrx_word' id='word_1_264' title='bbox 329 3674 384 3740; x_wconf 81' lang='grc' dir='ltr'><strong><em>καί</em></strong></span> <span class='ocrx_word' id='word_1_265' title='bbox 415 3674 432 3739; x_wconf 91' lang='lat'>6</span> <span class='ocrx_word' id='word_1_266' title='bbox 463 3675 616 3751; x_wconf 87' lang='grc' dir='ltr'><strong><em>ποδιαῑος</em></strong></span> <span class='ocrx_word' id='word_1_267' title='bbox 643 3672 742 3758; x_wconf 86' lang='grc' dir='ltr'><strong><em>μέρος</em></strong></span> <span class='ocrx_word' id='word_1_268' title='bbox 770 3672 860 3739; x_wconf 75' lang='grc' dir='ltr'><strong><em>ἐστίν</em></strong></span> <span class='ocrx_word' id='word_1_269' title='bbox 887 3683 944 3758; x_wconf 82' lang='grc' dir='ltr'><strong><em>της</em></strong></span> <span class='ocrx_word' id='word_1_270' title='bbox 972 3675 1079 3751; x_wconf 84' lang='grc' dir='ltr'><strong><em>οἰκίας</em></strong></span> 
     </span>
    </p>
   </div>
   <div class='ocr_carea' id='block_1_3' title="bbox 135 3902 365 3967">
    <p class='ocr_par' dir='ltr' id='par_1_3' title="bbox 135 3902 365 3967">
     <span class='ocr_line' id='line_1_31' title="bbox 135 3902 365 3967; baseline 0.009 -11"><span class='ocrx_word' id='word_1_271' title='bbox 135 3911 175 3957; x_wconf 80' lang='lat'><strong><em>17.</em></strong></span> <span class='ocrx_word' id='word_1_272' title='bbox 195 3906 316 3967; x_wconf 82' lang='grc' dir='ltr'><strong><em>ελλειπες</em></strong></span> <span class='ocrx_word' id='word_1_273' title='bbox 331 3902 365 3958; x_wconf 84' lang='grc' dir='ltr'><strong>Μ</strong></span> 
     </span>
    </p>
   </div>
   <div class='ocr_carea' id='block_1_4' title="bbox 0 0 1202 4208">
    <p class='ocr_par' dir='ltr' id='par_1_4' title="bbox 0 0 1202 4208">
     <span class='ocr_line' id='line_1_32' title="bbox 0 0 1202 4208; baseline 0 0"><span class='ocrx_word' id='word_1_274' title='bbox 0 0 1202 4208; x_wconf 95' lang='lat' dir='ltr'><strong><em> </em></strong></span> 
     </span>
    </p>
   </div>
  </div>
 </body>
</html>
