2394 4208
56 39 830 339 -
880 146 887 163 ¹

865 172 873 191 ἱ

457 412 465 433 Q

56 546 86 621 ι]
304 546 627 602 mmmmm
645 547 766 601 Mvnm
981 547 1044 611 121

102 707 148 774 δ’.
169 706 239 775 Ὅτι
267 711 393 794 ψευδὴς
419 710 474 775 καὶ
502 712 623 788 ἄτοπος
651 710 669 775 ὁ
694 711 874 786 Πλάτωνος
901 711 1000 793 λόγος
1027 709 1045 774 ὁ

56 815 146 900 ἔγων
179 816 227 880 ’τὸ
260 820 367 893 καλῶς
399 814 570 902 ἁρμοσθὲν
606 815 661 881 καὶ
693 821 770 902 ἕχον
795 822 799 895 Ι
825 811 862 881 εὖ
894 817 1099 880 mammon

56 923 173 989 mm
191 924 315 988 κακοῶ’.
352 923 407 988 καὶ
431 924 492 1005 ὅτι,
515 926 625 1010 ὥσπερ
649 925 737 988 αἰτία
760 934 818 1007 της
839 931 900 987 τοῦ
918 924 1046 1007 κόσμου

56 1031 230 1107 νστολσεως
248 1030 268 1113 ἡ
288 1029 457 1112 ἀγαθότης
476 1029 567 1095 ἐστὶν
584 1039 644 1095 τοῦ
663 1037 759 1113 θεοῦ,
783 1031 889 1106 οὕτως
912 1027 966 1094 καὶ
989 1039 1046 1113 τῆς

56 1139 166 1212 ύσεεος
188 1136 208 1219 ἡ
232 1135 314 1219 αὐτή
339 1135 430 1201 ε’στιν
453 1138 550 1201 αἰτία.
1072 1161 1085 1202 ε

101 1240 143 1307 ε’.
161 1240 241 1324 Ὅτι,
260 1248 351 1328 ελπερ
370 1244 516 1327 δύναμιν
535 1246 600 1327 ἔχει
618 1253 677 1327 τῆς
695 1253 755 1308 τοῦ
773 1245 901 1327 κόσμου
920 1244 1046 1319 λύσεως

66 1351 169 1429 θεός,
187 1349 232 1425 ὡς
249 1346 305 1412 καὶ
325 1348 439 1425 αὐτοῖς
462 1349 561 1432 δοκεῖ,
583 1347 639 1413 καὶ
661 1351 756 1414 λύσει
779 1351 909 1426 πάντως
932 1349 1045 1432 αὐτόν,

85 1452 127 1520 δὲ
152 1456 195 1539 μὴ
220 1456 319 1539 λύση,
347 1453 367 1537 ἢ
396 1451 475 1520 οὐδὲ
499 1456 643 1538 δύναμιν
666 1459 731 1539 ἔχει
755 1465 812 1538 τῆς
834 1464 894 1520 τοῦ
917 1458 1044 1540 κόσμου

56 1565 175 1643 ύσεως,
194 1559 238 1625 δι’
258 1560 338 1625 αὐτὸ
362 1558 400 1625 δὲ
422 1570 520 1626 τοῦτο
544 1558 624 1626 οὐδὲ
646 1571 704 1644 τῆς
722 1561 918 1645 συνδέσεως,
935 1561 956 1645 ἢ
975 1561 1045 1626 ἀτε-

56 1671 91 1753 ης
123 1671 216 1733 ἔσται
243 1668 325 1732 κατὰ
351 1669 409 1744 τὰς
436 1668 546 1732 αὐτῶν
573 1668 791 1753 ἐπιχειρήσεις
818 1670 878 1750 τὴν
901 1669 1046 1752 δύναμιν
1058 1695 1085 1733 ιο

56 1780 146 1857 όνην
171 1777 254 1857 ἔχων
276 1783 334 1856 τῆς
357 1775 482 1850 λύσεως
505 1775 585 1838 ἄνευ
608 1784 666 1857 τῆς
689 1773 863 1857 ἐνεργείας.

103 1879 147 1954 ς’.
169 1877 253 1962 Ὅτι,
282 1885 373 1965 εἴπερ
401 1881 438 1944 τὸ
467 1885 574 1957 καλῶς
602 1877 774 1965 ἁρμοσθὲν
796 1882 892 1945 λύειν
915 1878 1046 1946 ἐθέλειν

56 1996 155 2067 ακοῦ,
175 1989 240 2070 ἔχει
260 1983 298 2050 δὲ
315 1995 376 2051 τοῦ
396 1988 491 2051 λύειν
513 1987 573 2050 τὸν
595 1988 721 2070 κόσμον
744 1988 890 2071 δύναμιν
913 1985 931 2052 ὁ
954 1988 1045 2071 θεός,

56 2104 95 2160 ιῦ
122 2093 207 2156 κακὰ
230 2102 341 2157 ποιεῖν
364 2116 398 2156 τε
422 2092 477 2157 καὶ
501 2094 657 2157 κακύνειν
681 2094 825 2179 δύναμιν
848 2092 921 2171 ἕξει.

104 2198 144 2278 ζ’.
166 2197 323 2275 ”Eume
347 2203 574 2263 Πλατωνικῶν
597 2199 721 2283 ῥητῶν,
745 2199 794 2263 ὅτι
818 2201 900 2264 κατὰ
922 2203 1046 2284 χρόνον
1059 2222 1085 2263 ιε

56 2307 181 2389 ενητὸν
203 2300 289 2369 εἶναι
312 2305 371 2369 τὸν
393 2307 520 2389 κόσμον
542 2307 709 2390 βούλεται,
727 2306 782 2371 καλ
806 2308 970 2390 σύντομος
987 2317 1045 2392 τῆς

56 2415 191 2487 ιανοίας
215 2411 324 2476 αὐτῶν
346 2411 541 2495 ὑπόμνησις.

103 2517 148 2601 η’.
174 2521 335 2601 Ποσαχῶς
358 2519 394 2582 τὸ
419 2520 559 2600 γενητόν
578 2537 661 2602 φασι
679 2518 837 2603 λέγεσθαι
856 2521 888 2585 οἱ
908 2521 1045 2584 Πλάτω-

56 2651 95 2702 ος
122 2623 275 2707 ἐξηγηταὶ
303 2627 441 2708 Ταῦρος,
467 2627 675 2710 Πορφύριος,
700 2629 863 2711 Πρόκλος,
886 2623 941 2690 καὶ
964 2626 1045 2690 κατὰ

56 2742 137 2798 οἷον
179 2733 424 2814 σημαινόμενον
463 2730 600 2808 ἕκαστος
640 2732 751 2797 αὐτῶν
791 2731 948 2815 λέγεσθαι
984 2733 1044 2796 τὸν
1057 2753 1085 2793 ιο

56 2841 165 2921 όσμον
187 2838 275 2918 παρὰ
299 2837 480 2914 Πλάτωνος
502 2837 654 2903 ὑπέθετο.

104 2942 154 3007 θ’.
175 2942 331 3028 Ἔλεγχος
358 2953 418 3009 τοῦ
444 2944 609 3029 προτέρου
637 2956 704 3009 τῶν
730 2955 791 3010 τοῦ
818 2955 959 3029 γενητοῦ
988 2963 1044 3030 ση-

56 3048 261 3133 αινομὲνιον,
289 3050 340 3115 ὅτι
364 3052 510 3115 δυνατὸν
533 3052 619 3116 οὕτω
643 3050 799 3134 λέγεσθαι
823 3053 962 3135 γενητὸν
985 3054 1045 3116 τὸν

56 3161 167 3241 όσμον
190 3156 234 3232 ὡς
258 3155 294 3220 ἐν
316 3164 362 3243 τῷ
386 3155 474 3240 γε’νει
498 3168 564 3221 τῶν
587 3168 734 3240 γενητῶν
757 3159 848 3241 ὄντα,
871 3159 899 3223 ελ
922 3157 976 3223 καὶ
999 3160 1043 3244 μὴ

56 3264 185 3346 ἐγονεν.
1057 3284 1084 3327 ιτ

105 3368 140 3434 ι’.
161 3367 231 3432 Ὅτι
260 3371 400 3452 γενητὸν
427 3369 583 3450 λέγεσθαι
611 3369 676 3432 ὑπὸ
701 3369 881 3446 Πλάτωνος
907 3371 968 3435 τὸν
989 3372 1044 3434 κό-

56 3502 123 3562 μον
142 3473 247 3559 φησὶν
266 3475 283 3541 ὁ
304 3476 501 3560 Πορφύριος
520 3476 564 3551 ῶς
583 3473 713 3560 ἐπινοίᾳ
736 3477 913 3560 σύνθετον,
937 3478 966 3541 ελ
989 3476 1044 3542 καὶ

110 3710 132 3758 1
154 3701 224 3756 Plat
240 3701 310 3756 Tim
325 3704 416 3756 41ΑΒ
506 3707 529 3756 3.
546 3721 588 3756 οτι
603 3720 634 3755 su
656 3718 737 3758 erscr
752 3703 781 3756 M
872 3709 896 3758 8
914 3703 981 3759 οὐδὲ
999 3706 1042 3778 pt]

56 3776 121 3830 υδεν
140 3774 169 3826 Μ
261 3780 301 3826 11.
321 3773 498 3844 ενεργηειλας,
519 3789 630 3843 exn,
740 3781 781 3830 13.
799 3775 965 3850 1013}th

56 3852 118 3901 ⁸⁰
56 3846 279 3977 αλλίιέιίιιῖ
279 3844 454 3982 σύκιῖἕι
468 3844 866 3994 &Jitsszsssffffl
852 3848 1076 3995 ιιλξῖῗζ“”Χ
