<?xml version="1.0" encoding="UTF-8"?>
<!DOCTYPE html PUBLIC "-//W3C//DTD XHTML 1.0 Transitional//EN"
    "http://www.w3.org/TR/xhtml1/DTD/xhtml1-transitional.dtd">
<html xmlns="http://www.w3.org/1999/xhtml" xml:lang="en" lang="en">
 <head>
  <title>
</title>
<meta http-equiv="Content-Type" content="text/html;charset=utf-8" />
  <meta name='ocr-system' content='tesseract 3.04.00' />
  <meta name='ocr-capabilities' content='ocr_page ocr_carea ocr_par ocr_line ocrx_word'/>
</head>
<body>
  <div class='ocr_page' id='page_1' title='image "./ioannesphilopon00philgoog_0222.png"; bbox 0 0 2394 4208; ppageno 0'>
   <div class='ocr_carea' id='block_1_1' title="bbox 71 528 1084 604">
    <p class='ocr_par' dir='ltr' id='par_1_1' title="bbox 71 528 1084 604">
     <span class='ocr_line' id='line_1_1' title="bbox 71 528 1084 604; baseline 0.008 -18"><span class='ocrx_word' id='word_1_1' title='bbox 71 530 116 586; x_wconf 84' lang='lat' dir='ltr'><em>VI</em></span> <span class='ocrx_word' id='word_1_2' title='bbox 130 532 176 604; x_wconf 71' lang='lat'><em>2⁶]</em></span> <span class='ocrx_word' id='word_1_3' title='bbox 344 530 392 584; x_wconf 81' lang='lat' dir='ltr'><em>DE</em></span> <span class='ocrx_word' id='word_1_4' title='bbox 411 529 667 585; x_wconf 80' lang='lat' dir='ltr'>AETERNITATE</span> <span class='ocrx_word' id='word_1_5' title='bbox 686 529 807 584; x_wconf 86' lang='lat' dir='ltr'><strong>MVNDI</strong></span> <span class='ocrx_word' id='word_1_6' title='bbox 1019 528 1084 594; x_wconf 79' lang='grc'><em>207</em></span> 
     </span>
    </p>
   </div>
   <div class='ocr_carea' id='block_1_2' title="bbox 72 690 1132 3544">
    <p class='ocr_par' dir='ltr' id='par_1_2' title="bbox 72 690 1132 3544">
     <span class='ocr_line' id='line_1_2' title="bbox 75 690 1084 779; baseline -0.001 -21"><span class='ocrx_word' id='word_1_7' title='bbox 75 695 161 758; x_wconf 79' lang='grc' dir='ltr'><em>ἀλλα</em></span> <span class='ocrx_word' id='word_1_8' title='bbox 183 691 314 779; x_wconf 77' lang='grc' dir='ltr'><em>δέχεταί</em></span> <span class='ocrx_word' id='word_1_9' title='bbox 333 716 368 758; x_wconf 84' lang='grc' dir='ltr'><em>τε</em></span> <span class='ocrx_word' id='word_1_10' title='bbox 391 691 446 758; x_wconf 87' lang='grc' dir='ltr'><em>καί</em></span> <span class='ocrx_word' id='word_1_11' title='bbox 469 693 648 776; x_wconf 76' lang='grc' dir='ltr'><em>ἀποβάλλει</em></span> <span class='ocrx_word' id='word_1_12' title='bbox 672 693 757 777; x_wconf 80' lang='grc' dir='ltr'><em>είύη·</em></span> <span class='ocrx_word' id='word_1_13' title='bbox 781 692 844 758; x_wconf 86' lang='grc' dir='ltr'><em>οὐκ</em></span> <span class='ocrx_word' id='word_1_14' title='bbox 866 694 1015 779; x_wconf 83' lang='grc' dir='ltr'><em>ἀροτῶν</em></span> <span class='ocrx_word' id='word_1_15' title='bbox 1033 690 1084 757; x_wconf 84' lang='grc' dir='ltr'><em>ἀεί</em></span> 
     </span>
     <span class='ocr_line' id='line_1_3' title="bbox 72 796 1084 884; baseline -0.001 -20"><span class='ocrx_word' id='word_1_16' title='bbox 72 801 157 864; x_wconf 80' lang='grc' dir='ltr'><em>κατὰ</em></span> <span class='ocrx_word' id='word_1_17' title='bbox 187 801 229 864; x_wconf 87' lang='grc' dir='ltr'><strong><em>τὰ</em></strong></span> <span class='ocrx_word' id='word_1_18' title='bbox 260 799 343 864; x_wconf 89' lang='grc' dir='ltr'><em>αύτά</em></span> <span class='ocrx_word' id='word_1_19' title='bbox 374 799 428 865; x_wconf 89' lang='grc' dir='ltr'><em>ιιαί</em></span> <span class='ocrx_word' id='word_1_20' title='bbox 463 800 619 876; x_wconf 80' lang='grc' dir='ltr'><em>ὡσαύτως</em></span> <span class='ocrx_word' id='word_1_21' title='bbox 652 798 795 884; x_wconf 82' lang='grc' dir='ltr'><em>ἐχόντων</em></span> <span class='ocrx_word' id='word_1_22' title='bbox 825 797 910 865; x_wconf 78' lang='grc' dir='ltr'><em>εἰσὶν</em></span> <span class='ocrx_word' id='word_1_23' title='bbox 937 798 999 882; x_wconf 88' lang='grc' dir='ltr'><em>ύλη</em></span> <span class='ocrx_word' id='word_1_24' title='bbox 1028 796 1084 863; x_wconf 87' lang='grc' dir='ltr'><em>καί</em></span> 
     </span>
     <span class='ocr_line' id='line_1_4' title="bbox 75 901 1084 990; baseline -0.003 -19"><span class='ocrx_word' id='word_1_25' title='bbox 75 901 167 983; x_wconf 81' lang='grc' dir='ltr'><em>εἶδος</em></span> <span class='ocrx_word' id='word_1_26' title='bbox 194 905 282 971; x_wconf 87' lang='grc' dir='ltr'><strong><em>ἁπλᾶ</em></strong></span> <span class='ocrx_word' id='word_1_27' title='bbox 309 907 398 971; x_wconf 83' lang='grc' dir='ltr'><em>ὄντα</em></span> <span class='ocrx_word' id='word_1_28' title='bbox 443 907 473 971; x_wconf 83' lang='grc' dir='ltr'><em>εἰ</em></span> <span class='ocrx_word' id='word_1_29' title='bbox 496 903 533 970; x_wconf 75' lang='grc' dir='ltr'><em>δὲ</em></span> <span class='ocrx_word' id='word_1_30' title='bbox 556 905 611 971; x_wconf 84' lang='grc' dir='ltr'><em>καί</em></span> <span class='ocrx_word' id='word_1_31' title='bbox 635 905 727 971; x_wconf 78' lang='grc' dir='ltr'><em>ἀίδια</em></span> <span class='ocrx_word' id='word_1_32' title='bbox 748 902 792 990; x_wconf 77' lang='grc' dir='ltr'><em>ην</em></span> <span class='ocrx_word' id='word_1_33' title='bbox 813 908 854 970; x_wconf 89' lang='grc' dir='ltr'><strong><em>τὰ</em></strong></span> <span class='ocrx_word' id='word_1_34' title='bbox 876 909 978 970; x_wconf 79' lang='grc' dir='ltr'><em>ἔναλα</em></span> <span class='ocrx_word' id='word_1_35' title='bbox 1000 905 1084 988; x_wconf 81' lang='grc' dir='ltr'><em>είάη,</em></span> 
     </span>
     <span class='ocr_line' id='line_1_5' title="bbox 76 1007 1085 1099; baseline -0.002 -22"><span class='ocrx_word' id='word_1_36' title='bbox 76 1011 158 1097; x_wconf 80' lang='grc' dir='ltr'><strong><em>ὅπερ</em></strong></span> <span class='ocrx_word' id='word_1_37' title='bbox 182 1011 360 1096; x_wconf 74' lang='grc' dir='ltr'><em>ἀδύνατον,</em></span> <span class='ocrx_word' id='word_1_38' title='bbox 388 1009 458 1076; x_wconf 87' lang='grc' dir='ltr'><em>ἀλλ’</em></span> <span class='ocrx_word' id='word_1_39' title='bbox 486 1007 550 1076; x_wconf 86' lang='grc' dir='ltr'><em>οὖν</em></span> <span class='ocrx_word' id='word_1_40' title='bbox 572 1021 618 1099; x_wconf 77' lang='grc' dir='ltr'><em>τῷ</em></span> <span class='ocrx_word' id='word_1_41' title='bbox 641 1014 757 1077; x_wconf 82' lang='grc' dir='ltr'><em>ύλλοτε</em></span> <span class='ocrx_word' id='word_1_42' title='bbox 781 1012 818 1077; x_wconf 78' lang='grc' dir='ltr'><em>ἐν</em></span> <span class='ocrx_word' id='word_1_43' title='bbox 841 1014 929 1098; x_wconf 82' lang='grc' dir='ltr'><em>ἀλλςο</em></span> <span class='ocrx_word' id='word_1_44' title='bbox 952 1010 1085 1076; x_wconf 84' lang='grc' dir='ltr'><em>ὑποκει-</em></span> 
     </span>
     <span class='ocr_line' id='line_1_6' title="bbox 73 1116 1126 1206; baseline -0.002 -23"><span class='ocrx_word' id='word_1_45' title='bbox 73 1117 165 1206; x_wconf 76' lang='grc' dir='ltr'><em>μένῳ</em></span> <span class='ocrx_word' id='word_1_46' title='bbox 193 1122 365 1202; x_wconf 78' lang='grc' dir='ltr'><em>γίνεσθαι,</em></span> <span class='ocrx_word' id='word_1_47' title='bbox 392 1119 437 1196; x_wconf 81' lang='grc' dir='ltr'><em>ὡς</em></span> <span class='ocrx_word' id='word_1_48' title='bbox 463 1117 519 1183; x_wconf 85' lang='grc' dir='ltr'><em>ιιαί</em></span> <span class='ocrx_word' id='word_1_49' title='bbox 546 1118 567 1202; x_wconf 80' lang='grc' dir='ltr'><strong><em>ἡ</em></strong></span> <span class='ocrx_word' id='word_1_50' title='bbox 594 1119 656 1203; x_wconf 80' lang='grc' dir='ltr'><em>ὕλη</em></span> <span class='ocrx_word' id='word_1_51' title='bbox 686 1121 802 1183; x_wconf 84' lang='grc' dir='ltr'><em>ἀλλοτε</em></span> <span class='ocrx_word' id='word_1_52' title='bbox 831 1120 914 1182; x_wconf 87' lang='grc' dir='ltr'><em>ἀλλα</em></span> <span class='ocrx_word' id='word_1_53' title='bbox 937 1118 1008 1201; x_wconf 79' lang='grc' dir='ltr'><em>είάη</em></span> <span class='ocrx_word' id='word_1_54' title='bbox 1032 1116 1085 1182; x_wconf 81' lang='grc' dir='ltr'><em>ἁί-</em></span> <span class='ocrx_word' id='word_1_55' title='bbox 1112 1148 1126 1190; x_wconf 74' lang='lat'>⁵</span> 
     </span>
     <span class='ocr_line' id='line_1_7' title="bbox 73 1223 1085 1310; baseline -0.002 -20"><span class='ocrx_word' id='word_1_56' title='bbox 73 1248 182 1310; x_wconf 80' lang='grc' dir='ltr'><em>χεται,</em></span> <span class='ocrx_word' id='word_1_57' title='bbox 215 1224 277 1310; x_wconf 81' lang='grc' dir='ltr'><em>οὐχ</em></span> <span class='ocrx_word' id='word_1_58' title='bbox 307 1223 370 1302; x_wconf 74' lang='grc' dir='ltr'><em>ἕξει</em></span> <span class='ocrx_word' id='word_1_59' title='bbox 400 1226 437 1289; x_wconf 92' lang='grc' dir='ltr'><em>τὸ</em></span> <span class='ocrx_word' id='word_1_60' title='bbox 469 1223 520 1290; x_wconf 77' lang='grc' dir='ltr'><em>ἀεὶ</em></span> <span class='ocrx_word' id='word_1_61' title='bbox 550 1227 631 1290; x_wconf 82' lang='grc' dir='ltr'><em>κατὰ</em></span> <span class='ocrx_word' id='word_1_62' title='bbox 660 1227 700 1289; x_wconf 87' lang='grc' dir='ltr'><strong><em>τὰ</em></strong></span> <span class='ocrx_word' id='word_1_63' title='bbox 730 1225 813 1290; x_wconf 88' lang='grc' dir='ltr'><em>αύτὰ</em></span> <span class='ocrx_word' id='word_1_64' title='bbox 844 1223 899 1289; x_wconf 84' lang='grc' dir='ltr'><em>κοιλ</em></span> <span class='ocrx_word' id='word_1_65' title='bbox 929 1224 1085 1301; x_wconf 78' lang='grc' dir='ltr'><em>ὡσαύτως</em></span> 
     </span>
     <span class='ocr_line' id='line_1_8' title="bbox 74 1326 1085 1417; baseline -0.002 -21"><span class='ocrx_word' id='word_1_66' title='bbox 74 1334 179 1417; x_wconf 76' lang='grc' dir='ltr'><em>ἔχειν,</em></span> <span class='ocrx_word' id='word_1_67' title='bbox 202 1333 312 1415; x_wconf 80' lang='grc' dir='ltr'><strong><em>ὥσπερ</em></strong></span> <span class='ocrx_word' id='word_1_68' title='bbox 341 1326 421 1396; x_wconf 74' lang='grc' dir='ltr'><em>οὐδὲ</em></span> <span class='ocrx_word' id='word_1_69' title='bbox 448 1330 468 1414; x_wconf 76' lang='grc' dir='ltr'><em>ἡ</em></span> <span class='ocrx_word' id='word_1_70' title='bbox 491 1329 631 1417; x_wconf 79' lang='grc' dir='ltr'><em>ἡμετέρα</em></span> <span class='ocrx_word' id='word_1_71' title='bbox 653 1335 752 1416; x_wconf 69' lang='grc' dir='ltr'><strong><em>ψυχή.</em></strong></span> <span class='ocrx_word' id='word_1_72' title='bbox 798 1329 880 1395; x_wconf 87' lang='grc' dir='ltr'><em>ἀλλά</em></span> <span class='ocrx_word' id='word_1_73' title='bbox 904 1331 944 1414; x_wconf 78' lang='grc' dir='ltr'><em>δὴ</em></span> <span class='ocrx_word' id='word_1_74' title='bbox 967 1329 1022 1394; x_wconf 85' lang='grc' dir='ltr'><em>καί</em></span> <span class='ocrx_word' id='word_1_75' title='bbox 1045 1330 1085 1394; x_wconf 86' lang='grc' dir='ltr'><em>τὰ</em></span> 
     </span>
     <span class='ocr_line' id='line_1_9' title="bbox 73 1435 1085 1523; baseline -0.003 -20"><span class='ocrx_word' id='word_1_76' title='bbox 73 1440 231 1523; x_wconf 79' lang='grc' dir='ltr'><em>χρώματα</em></span> <span class='ocrx_word' id='word_1_77' title='bbox 258 1437 345 1502; x_wconf 84' lang='grc' dir='ltr'><strong><em>ἁπλᾶ</em></strong></span> <span class='ocrx_word' id='word_1_78' title='bbox 371 1436 433 1521; x_wconf 86' lang='grc' dir='ltr'><em>μίν</em></span> <span class='ocrx_word' id='word_1_79' title='bbox 460 1436 565 1522; x_wconf 77' lang='grc' dir='ltr'><em>ἐστιν,</em></span> <span class='ocrx_word' id='word_1_80' title='bbox 594 1437 656 1502; x_wconf 90' lang='grc' dir='ltr'><em>ούκ</em></span> <span class='ocrx_word' id='word_1_81' title='bbox 683 1435 733 1502; x_wconf 80' lang='grc' dir='ltr'><em>ἀεὶ</em></span> <span class='ocrx_word' id='word_1_82' title='bbox 762 1435 798 1502; x_wconf 77' lang='grc' dir='ltr'><em>δὲ</em></span> <span class='ocrx_word' id='word_1_83' title='bbox 826 1438 908 1501; x_wconf 90' lang='grc' dir='ltr'><em>κατά</em></span> <span class='ocrx_word' id='word_1_84' title='bbox 934 1439 974 1501; x_wconf 89' lang='grc' dir='ltr'><strong><em>τὰ</em></strong></span> <span class='ocrx_word' id='word_1_85' title='bbox 1001 1436 1085 1501; x_wconf 88' lang='grc' dir='ltr'><em>αὐτά</em></span> 
     </span>
     <span class='ocr_line' id='line_1_10' title="bbox 73 1539 1084 1629; baseline -0.002 -20"><span class='ocrx_word' id='word_1_86' title='bbox 73 1543 132 1609; x_wconf 81' lang='grc' dir='ltr'><em>καί</em></span> <span class='ocrx_word' id='word_1_87' title='bbox 160 1545 316 1621; x_wconf 78' lang='grc' dir='ltr'><em>ὡσαύτως</em></span> <span class='ocrx_word' id='word_1_88' title='bbox 343 1546 417 1629; x_wconf 76' lang='grc' dir='ltr'><em>ἔχει.</em></span> <span class='ocrx_word' id='word_1_89' title='bbox 463 1545 492 1608; x_wconf 85' lang='grc' dir='ltr'><em>εἰ</em></span> <span class='ocrx_word' id='word_1_90' title='bbox 520 1539 584 1609; x_wconf 79' lang='grc' dir='ltr'><em>οὖν</em></span> <span class='ocrx_word' id='word_1_91' title='bbox 611 1545 656 1620; x_wconf 86' lang='grc' dir='ltr'><em>ὡς</em></span> <span class='ocrx_word' id='word_1_92' title='bbox 680 1544 908 1626; x_wconf 79' lang='grc' dir='ltr'><em>ἰσοδυναμοῦν</em></span> <span class='ocrx_word' id='word_1_93' title='bbox 930 1541 985 1607; x_wconf 87' lang='grc' dir='ltr'><em>καί</em></span> <span class='ocrx_word' id='word_1_94' title='bbox 1007 1543 1084 1607; x_wconf 87' lang='grc' dir='ltr'><em>ταύ-</em></span> 
     </span>
     <span class='ocr_line' id='line_1_11' title="bbox 74 1647 1126 1736; baseline -0.002 -21"><span class='ocrx_word' id='word_1_95' title='bbox 74 1651 137 1715; x_wconf 87' lang='grc' dir='ltr'><em>τὸν</em></span> <span class='ocrx_word' id='word_1_96' title='bbox 166 1660 329 1734; x_wconf 77' lang='grc' dir='ltr'><em>σημαῖνον</em></span> <span class='ocrx_word' id='word_1_97' title='bbox 359 1649 377 1714; x_wconf 86' lang='grc' dir='ltr'>ὁ</span> <span class='ocrx_word' id='word_1_98' title='bbox 407 1650 549 1715; x_wconf 87' lang='grc' dir='ltr'><em>Πλύτων</em></span> <span class='ocrx_word' id='word_1_99' title='bbox 577 1653 782 1736; x_wconf 79' lang='grc' dir='ltr'><strong><em>παρείληφεν</em></strong></span> <span class='ocrx_word' id='word_1_100' title='bbox 812 1651 849 1713; x_wconf 85' lang='grc' dir='ltr'><em>τό</em></span> <span class='ocrx_word' id='word_1_101' title='bbox 880 1672 913 1712; x_wconf 87' lang='grc' dir='ltr'><em>τε</em></span> <span class='ocrx_word' id='word_1_102' title='bbox 942 1647 1005 1713; x_wconf 67' lang='grc' dir='ltr'><em>’ἁεί</em></span> <span class='ocrx_word' id='word_1_103' title='bbox 1032 1649 1084 1714; x_wconf 75' lang='grc' dir='ltr'><em>ἀν’</em></span> <span class='ocrx_word' id='word_1_104' title='bbox 1098 1682 1126 1722; x_wconf 80' lang='lat'><em>10</em></span> 
     </span>
     <span class='ocr_line' id='line_1_12' title="bbox 74 1753 1084 1843; baseline -0.003 -21"><span class='ocrx_word' id='word_1_105' title='bbox 74 1757 132 1823; x_wconf 83' lang='grc' dir='ltr'><em>καί</em></span> <span class='ocrx_word' id='word_1_106' title='bbox 160 1759 197 1821; x_wconf 90' lang='grc' dir='ltr'><em>τὸ</em></span> <span class='ocrx_word' id='word_1_107' title='bbox 221 1756 368 1840; x_wconf 52' lang='grc' dir='ltr'><em>(γένεσιν</em></span> <span class='ocrx_word' id='word_1_108' title='bbox 395 1753 431 1822; x_wconf 78' lang='grc' dir='ltr'><em>δὲ</em></span> <span class='ocrx_word' id='word_1_109' title='bbox 460 1756 523 1822; x_wconf 87' lang='grc' dir='ltr'><em>οὐκ</em></span> <span class='ocrx_word' id='word_1_110' title='bbox 546 1758 634 1841; x_wconf 84' lang='grc' dir='ltr'><em>ἔχον’</em></span> <span class='ocrx_word' id='word_1_111' title='bbox 657 1756 707 1843; x_wconf 83' lang='grc' dir='ltr'><em>(εί</em></span> <span class='ocrx_word' id='word_1_112' title='bbox 724 1781 756 1821; x_wconf 93' lang='grc' dir='ltr'><em>τι</em></span> <span class='ocrx_word' id='word_1_113' title='bbox 779 1760 843 1842; x_wconf 73' lang='grc' dir='ltr'><em>γὰρ</em></span> <span class='ocrx_word' id='word_1_114' title='bbox 866 1757 971 1841; x_wconf 82' lang='grc' dir='ltr'><strong><em>πάντη</em></strong></span> <span class='ocrx_word' id='word_1_115' title='bbox 994 1754 1084 1838; x_wconf 78' lang='grc' dir='ltr'><em>μενέ-</em></span> 
     </span>
     <span class='ocr_line' id='line_1_13' title="bbox 76 1860 1083 1951; baseline -0.005 -21"><span class='ocrx_word' id='word_1_116' title='bbox 76 1881 162 1941; x_wconf 80' lang='grc' dir='ltr'><em>σεως</em></span> <span class='ocrx_word' id='word_1_117' title='bbox 192 1862 375 1949; x_wconf 77' lang='grc' dir='ltr'><em>ἐστέρηται,</em></span> <span class='ocrx_word' id='word_1_118' title='bbox 405 1863 467 1928; x_wconf 86' lang='grc' dir='ltr'><em>ούκ</em></span> <span class='ocrx_word' id='word_1_119' title='bbox 498 1864 693 1946; x_wconf 77' lang='grc' dir='ltr'><em>ἰσούυνοιμεῑ</em></span> <span class='ocrx_word' id='word_1_120' title='bbox 722 1860 759 1927; x_wconf 73' lang='grc' dir='ltr'><em>δὲ</em></span> <span class='ocrx_word' id='word_1_121' title='bbox 789 1871 835 1951; x_wconf 77' lang='grc' dir='ltr'><em>τῷ</em></span> <span class='ocrx_word' id='word_1_122' title='bbox 866 1860 917 1926; x_wconf 76' lang='grc' dir='ltr'><em>ἀεὶ</em></span> <span class='ocrx_word' id='word_1_123' title='bbox 945 1863 1016 1926; x_wconf 82' lang='grc' dir='ltr'><em>ὄντι</em></span> <span class='ocrx_word' id='word_1_124' title='bbox 1046 1863 1083 1926; x_wconf 92' lang='grc' dir='ltr'><em>τὸ</em></span> 
     </span>
     <span class='ocr_line' id='line_1_14' title="bbox 74 1966 1084 2055; baseline -0.003 -20"><span class='ocrx_word' id='word_1_125' title='bbox 74 1970 207 2035; x_wconf 86' lang='grc' dir='ltr'><strong><em>ἁπλοῦν</em></strong></span> <span class='ocrx_word' id='word_1_126' title='bbox 229 1992 264 2034; x_wconf 86' lang='grc' dir='ltr'><em>τε</em></span> <span class='ocrx_word' id='word_1_127' title='bbox 286 1969 342 2034; x_wconf 82' lang='grc' dir='ltr'><em>καὶ</em></span> <span class='ocrx_word' id='word_1_128' title='bbox 364 1969 554 2035; x_wconf 78' lang='grc' dir='ltr'><em>ἀσύνθετον</em></span> <span class='ocrx_word' id='word_1_129' title='bbox 577 2007 619 2015; x_wconf 95' lang='grc'>-</span> <span class='ocrx_word' id='word_1_130' title='bbox 643 1969 684 2033; x_wconf 92' lang='grc' dir='ltr'><em>ού</em></span> <span class='ocrx_word' id='word_1_131' title='bbox 707 1971 770 2055; x_wconf 79' lang='grc' dir='ltr'><em>γὰρ</em></span> <span class='ocrx_word' id='word_1_132' title='bbox 793 1979 859 2035; x_wconf 88' lang='grc' dir='ltr'><em>πᾶν</em></span> <span class='ocrx_word' id='word_1_133' title='bbox 883 1967 1011 2033; x_wconf 88' lang='grc' dir='ltr'><strong><em>ἁπλοῦν</em></strong></span> <span class='ocrx_word' id='word_1_134' title='bbox 1034 1966 1084 2032; x_wconf 80' lang='grc' dir='ltr'><em>ἀεὶ</em></span> 
     </span>
     <span class='ocr_line' id='line_1_15' title="bbox 74 2071 1084 2163; baseline -0.004 -22"><span class='ocrx_word' id='word_1_135' title='bbox 74 2079 119 2142; x_wconf 83' lang='grc' dir='ltr'><em>ὄν</em></span> <span class='ocrx_word' id='word_1_136' title='bbox 150 2075 241 2141; x_wconf 82' lang='grc' dir='ltr'><em>ἐστιν</em></span> <span class='ocrx_word' id='word_1_137' title='bbox 265 2113 321 2159; x_wconf 82' lang='grc'><em>-,</em></span> <span class='ocrx_word' id='word_1_138' title='bbox 353 2071 432 2140; x_wconf 71' lang='grc' dir='ltr'><em>οὐδὲ</em></span> <span class='ocrx_word' id='word_1_139' title='bbox 465 2074 575 2139; x_wconf 80' lang='grc' dir='ltr'><em>ἕπεται</em></span> <span class='ocrx_word' id='word_1_140' title='bbox 606 2076 737 2153; x_wconf 86' lang='grc' dir='ltr'><em>πὰντως</em></span> <span class='ocrx_word' id='word_1_141' title='bbox 767 2083 813 2163; x_wconf 76' lang='grc' dir='ltr'><em>τῷ</em></span> <span class='ocrx_word' id='word_1_142' title='bbox 844 2075 936 2160; x_wconf 77' lang='grc' dir='ltr'><strong><em>ἁπλῷ</em></strong></span> <span class='ocrx_word' id='word_1_143' title='bbox 966 2075 1003 2138; x_wconf 91' lang='grc' dir='ltr'><em>τὸ</em></span> <span class='ocrx_word' id='word_1_144' title='bbox 1034 2072 1084 2138; x_wconf 80' lang='grc' dir='ltr'><em>ἀεί</em></span> 
     </span>
     <span class='ocr_line' id='line_1_16' title="bbox 75 2178 1125 2269; baseline 0.003 -21"><span class='ocrx_word' id='word_1_145' title='bbox 75 2178 163 2248; x_wconf 82' lang='grc' dir='ltr'><em>εἰναι</em></span> <span class='ocrx_word' id='word_1_146' title='bbox 189 2179 269 2248; x_wconf 72' lang='grc' dir='ltr'><em>οὐδὲ</em></span> <span class='ocrx_word' id='word_1_147' title='bbox 293 2180 502 2266; x_wconf 72' lang='grc' dir='ltr'><em>ἀποστρέφει</em></span> <span class='ocrx_word' id='word_1_148' title='bbox 525 2182 608 2266; x_wconf 78' lang='grc' dir='ltr'><em>πρὸς</em></span> <span class='ocrx_word' id='word_1_149' title='bbox 631 2180 721 2269; x_wconf 80' lang='grc' dir='ltr'><em>αύτςό</em></span> <span class='ocrx_word' id='word_1_150' title='bbox 743 2183 853 2267; x_wconf 79' lang='grc' dir='ltr'><strong><em>ὥσπερ</em></strong></span> <span class='ocrx_word' id='word_1_151' title='bbox 873 2189 918 2269; x_wconf 74' lang='grc' dir='ltr'><em>τῷ</em></span> <span class='ocrx_word' id='word_1_152' title='bbox 938 2180 1084 2268; x_wconf 75' lang='grc' dir='ltr'><em>ἀγενήτῳ</em></span> <span class='ocrx_word' id='word_1_153' title='bbox 1098 2208 1125 2251; x_wconf 85' lang='lat'><em>15</em></span> 
     </span>
     <span class='ocr_line' id='line_1_17' title="bbox 74 2276 1132 2375; baseline -0.003 -21"><span class='ocrx_word' id='word_1_154' title='bbox 74 2289 115 2353; x_wconf 87' lang='grc' dir='ltr'><em>τὸ</em></span> <span class='ocrx_word' id='word_1_155' title='bbox 139 2288 190 2354; x_wconf 86' lang='grc' dir='ltr'><em>ἀεί</em></span> <span class='ocrx_word' id='word_1_156' title='bbox 214 2285 326 2375; x_wconf 77' lang='grc' dir='ltr'><em>εἶναι),</em></span> <span class='ocrx_word' id='word_1_157' title='bbox 355 2288 417 2354; x_wconf 86' lang='grc' dir='ltr'><em>ούιι</em></span> <span class='ocrx_word' id='word_1_158' title='bbox 440 2290 504 2372; x_wconf 80' lang='grc' dir='ltr'><em>ἁμα</em></span> <span class='ocrx_word' id='word_1_159' title='bbox 525 2289 563 2352; x_wconf 84' lang='grc' dir='ltr'><em>τὸ</em></span> <span class='ocrx_word' id='word_1_160' title='bbox 587 2287 731 2371; x_wconf 56' lang='grc' dir='ltr'><em>ζμίνεσιν</em></span> <span class='ocrx_word' id='word_1_161' title='bbox 755 2287 791 2354; x_wconf 73' lang='grc' dir='ltr'><em>δὲ</em></span> <span class='ocrx_word' id='word_1_162' title='bbox 815 2291 875 2355; x_wconf 86' lang='grc' dir='ltr'><em>οὐκ</em></span> <span class='ocrx_word' id='word_1_163' title='bbox 899 2289 986 2373; x_wconf 80' lang='grc' dir='ltr'><em>ἔχον’</em></span> <span class='ocrx_word' id='word_1_164' title='bbox 1011 2285 1085 2352; x_wconf 83' lang='grc' dir='ltr'><em>ἁντί</em></span> <span class='ocrx_word' id='word_1_165' title='bbox 1129 2276 1132 2282; x_wconf 56' lang='grc'><strong><em>’</em></strong></span> 
     </span>
     <span class='ocr_line' id='line_1_18' title="bbox 73 2391 1084 2479; baseline -0.003 -18"><span class='ocrx_word' id='word_1_166' title='bbox 73 2404 138 2461; x_wconf 86' lang='grc' dir='ltr'><em>τοῦ</em></span> <span class='ocrx_word' id='word_1_167' title='bbox 167 2395 343 2460; x_wconf 57' lang='grc' dir='ltr'><em>ζσύνθεσιν</em></span> <span class='ocrx_word' id='word_1_168' title='bbox 374 2391 410 2459; x_wconf 79' lang='grc' dir='ltr'><em>δί</em></span> <span class='ocrx_word' id='word_1_169' title='bbox 441 2394 503 2459; x_wconf 89' lang='grc' dir='ltr'><em>ούκ</em></span> <span class='ocrx_word' id='word_1_170' title='bbox 533 2395 620 2478; x_wconf 79' lang='grc' dir='ltr'><em>ἔχον’</em></span> <span class='ocrx_word' id='word_1_171' title='bbox 652 2395 757 2479; x_wconf 79' lang='grc' dir='ltr'><em>φησὶν</em></span> <span class='ocrx_word' id='word_1_172' title='bbox 787 2395 805 2461; x_wconf 85' lang='grc' dir='ltr'>ὁ</span> <span class='ocrx_word' id='word_1_173' title='bbox 838 2396 987 2460; x_wconf 87' lang='grc' dir='ltr'><em>Πλύτων.</em></span> <span class='ocrx_word' id='word_1_174' title='bbox 1034 2394 1084 2459; x_wconf 80' lang='grc' dir='ltr'><em>ὅτι</em></span> 
     </span>
     <span class='ocr_line' id='line_1_19' title="bbox 74 2498 1084 2586; baseline -0.002 -19"><span class='ocrx_word' id='word_1_175' title='bbox 74 2498 116 2567; x_wconf 72' lang='grc' dir='ltr'><em>δὲ</em></span> <span class='ocrx_word' id='word_1_176' title='bbox 142 2498 222 2567; x_wconf 74' lang='grc' dir='ltr'><em>οὐδὲ</em></span> <span class='ocrx_word' id='word_1_177' title='bbox 250 2503 311 2584; x_wconf 81' lang='grc' dir='ltr'><em>την</em></span> <span class='ocrx_word' id='word_1_178' title='bbox 337 2499 406 2566; x_wconf 89' lang='grc' dir='ltr'><em>κατ’</em></span> <span class='ocrx_word' id='word_1_179' title='bbox 434 2502 544 2566; x_wconf 78' lang='grc' dir='ltr'><em>αἰτίαν</em></span> <span class='ocrx_word' id='word_1_180' title='bbox 571 2500 703 2584; x_wconf 79' lang='grc' dir='ltr'><em>γένεσιν</em></span> <span class='ocrx_word' id='word_1_181' title='bbox 726 2504 837 2586; x_wconf 81' lang='grc' dir='ltr'><em>ἀηλοί,</em></span> <span class='ocrx_word' id='word_1_182' title='bbox 861 2504 981 2579; x_wconf 83' lang='grc' dir='ltr'><em>ἱκανῶς</em></span> <span class='ocrx_word' id='word_1_183' title='bbox 1003 2504 1084 2586; x_wconf 78' lang='grc' dir='ltr'><em>πρύ-</em></span> 
     </span>
     <span class='ocr_line' id='line_1_20' title="bbox 72 2605 1086 2693; baseline -0.004 -19"><span class='ocrx_word' id='word_1_184' title='bbox 72 2631 175 2693; x_wconf 80' lang='grc' dir='ltr'><em>τερον</em></span> <span class='ocrx_word' id='word_1_185' title='bbox 203 2605 384 2691; x_wconf 74' lang='grc' dir='ltr'><em>ἐδείξαμεν·</em></span> <span class='ocrx_word' id='word_1_186' title='bbox 413 2606 482 2672; x_wconf 81' lang='grc' dir='ltr'><strong><em>ἐπεὶ</em></strong></span> <span class='ocrx_word' id='word_1_187' title='bbox 509 2609 552 2691; x_wconf 82' lang='grc' dir='ltr'><em>μη</em></span> <span class='ocrx_word' id='word_1_188' title='bbox 580 2611 687 2691; x_wconf 90' lang='grc' dir='ltr'><em>μόνον</em></span> <span class='ocrx_word' id='word_1_189' title='bbox 713 2619 780 2673; x_wconf 88' lang='grc' dir='ltr'><em>τῶν</em></span> <span class='ocrx_word' id='word_1_190' title='bbox 808 2610 979 2692; x_wconf 73' lang='grc' dir='ltr'><em>αἰσθητῶν</em></span> <span class='ocrx_word' id='word_1_191' title='bbox 1002 2607 1086 2671; x_wconf 84' lang='grc' dir='ltr'><em>ἀλλά</em></span> 
     </span>
     <span class='ocr_line' id='line_1_21' title="bbox 73 2711 1126 2799; baseline 0.003 -20"><span class='ocrx_word' id='word_1_192' title='bbox 73 2712 132 2780; x_wconf 79' lang='grc' dir='ltr'><em>καί</em></span> <span class='ocrx_word' id='word_1_193' title='bbox 159 2725 227 2778; x_wconf 92' lang='grc' dir='ltr'><em>τῶν</em></span> <span class='ocrx_word' id='word_1_194' title='bbox 255 2723 383 2796; x_wconf 90' lang='grc' dir='ltr'><em>νοητῶν</em></span> <span class='ocrx_word' id='word_1_195' title='bbox 410 2711 566 2777; x_wconf 77' lang='grc' dir='ltr'><em>ἁπάντων</em></span> <span class='ocrx_word' id='word_1_196' title='bbox 592 2715 630 2778; x_wconf 91' lang='grc' dir='ltr'><em>τὸ</em></span> <span class='ocrx_word' id='word_1_197' title='bbox 657 2725 791 2799; x_wconf 78' lang='grc' dir='ltr'><em>πρῶτον</em></span> <span class='ocrx_word' id='word_1_198' title='bbox 819 2711 908 2780; x_wconf 80' lang='grc' dir='ltr'><em>εἷναί</em></span> <span class='ocrx_word' id='word_1_199' title='bbox 933 2731 1038 2797; x_wconf 81' lang='grc' dir='ltr'><em>φησιν</em></span> <span class='ocrx_word' id='word_1_200' title='bbox 1065 2714 1126 2782; x_wconf 80' lang='grc' dir='ltr'><em>ὁιο</em></span> 
     </span>
     <span class='ocr_line' id='line_1_22' title="bbox 76 2820 1085 2904; baseline 0 -19"><span class='ocrx_word' id='word_1_201' title='bbox 76 2821 224 2886; x_wconf 84' lang='grc' dir='ltr'><em>Πλάτων</em></span> <span class='ocrx_word' id='word_1_202' title='bbox 252 2825 372 2884; x_wconf 76' lang='grc' dir='ltr'><em>αἴτιον·</em></span> <span class='ocrx_word' id='word_1_203' title='bbox 399 2822 459 2903; x_wconf 90' lang='grc' dir='ltr'><em>μία</em></span> <span class='ocrx_word' id='word_1_204' title='bbox 486 2821 548 2904; x_wconf 78' lang='grc' dir='ltr'><em>γὰρ</em></span> <span class='ocrx_word' id='word_1_205' title='bbox 576 2820 596 2903; x_wconf 78' lang='grc' dir='ltr'><em>ἡ</em></span> <span class='ocrx_word' id='word_1_206' title='bbox 620 2830 686 2884; x_wconf 89' lang='grc' dir='ltr'><em>τῶν</em></span> <span class='ocrx_word' id='word_1_207' title='bbox 709 2821 817 2885; x_wconf 82' lang='grc' dir='ltr'><em>ὄντων</em></span> <span class='ocrx_word' id='word_1_208' title='bbox 839 2821 974 2885; x_wconf 82' lang='grc' dir='ltr'><em>πάντων</em></span> <span class='ocrx_word' id='word_1_209' title='bbox 997 2821 1085 2885; x_wconf 87' lang='grc' dir='ltr'><em>αἰτία</em></span> 
     </span>
     <span class='ocr_line' id='line_1_23' title="bbox 74 2920 1079 3011; baseline -0.001 -19"><span class='ocrx_word' id='word_1_210' title='bbox 74 2925 133 2992; x_wconf 79' lang='grc' dir='ltr'><em>καί</em></span> <span class='ocrx_word' id='word_1_211' title='bbox 157 2926 254 3011; x_wconf 80' lang='grc' dir='ltr'><em>ἀρχή·</em></span> <span class='ocrx_word' id='word_1_212' title='bbox 279 2927 308 2991; x_wconf 83' lang='grc' dir='ltr'><em>εἰ</em></span> <span class='ocrx_word' id='word_1_213' title='bbox 331 2920 394 2991; x_wconf 88' lang='grc' dir='ltr'><em>οὖν</em></span> <span class='ocrx_word' id='word_1_214' title='bbox 417 2926 454 2990; x_wconf 92' lang='grc' dir='ltr'><em>τὸ</em></span> <span class='ocrx_word' id='word_1_215' title='bbox 478 2924 529 2991; x_wconf 79' lang='grc' dir='ltr'><em>ἀεὶ</em></span> <span class='ocrx_word' id='word_1_216' title='bbox 553 2925 593 2990; x_wconf 87' lang='grc' dir='ltr'><em>ὃν</em></span> <span class='ocrx_word' id='word_1_217' title='bbox 616 2929 659 3010; x_wconf 83' lang='grc' dir='ltr'><em>μη</em></span> <span class='ocrx_word' id='word_1_218' title='bbox 684 2928 753 3011; x_wconf 79' lang='grc' dir='ltr'><em>ἔχοι</em></span> <span class='ocrx_word' id='word_1_219' title='bbox 777 2926 909 3011; x_wconf 76' lang='grc' dir='ltr'><em>γένεσιν</em></span> <span class='ocrx_word' id='word_1_220' title='bbox 931 2929 993 3010; x_wconf 78' lang='grc' dir='ltr'><em>τὴν</em></span> <span class='ocrx_word' id='word_1_221' title='bbox 1011 2926 1079 2991; x_wconf 86' lang='grc' dir='ltr'><em>κατ’</em></span> 
     </span>
     <span class='ocr_line' id='line_1_24' title="bbox 74 3027 1085 3116; baseline 0 -18"><span class='ocrx_word' id='word_1_222' title='bbox 74 3034 198 3115; x_wconf 83' lang='grc' dir='ltr'><em>αἰτίαν,</em></span> <span class='ocrx_word' id='word_1_223' title='bbox 216 3031 323 3095; x_wconf 79' lang='grc' dir='ltr'><em>πάντα</em></span> <span class='ocrx_word' id='word_1_224' title='bbox 347 3027 383 3095; x_wconf 74' lang='grc' dir='ltr'><em>δὲ</em></span> <span class='ocrx_word' id='word_1_225' title='bbox 406 3033 446 3095; x_wconf 93' lang='grc' dir='ltr'><strong><em>τὰ</em></strong></span> <span class='ocrx_word' id='word_1_226' title='bbox 468 3033 571 3115; x_wconf 91' lang='grc' dir='ltr'><em>νοητὰ</em></span> <span class='ocrx_word' id='word_1_227' title='bbox 593 3031 649 3097; x_wconf 85' lang='grc' dir='ltr'><em>καί</em></span> <span class='ocrx_word' id='word_1_228' title='bbox 673 3032 830 3116; x_wconf 81' lang='grc' dir='ltr'><em>γενέσεως</em></span> <span class='ocrx_word' id='word_1_229' title='bbox 852 3032 1085 3116; x_wconf 79' lang='grc' dir='ltr'><em>ἀπηλλαγμένα</em></span> 
     </span>
     <span class='ocr_line' id='line_1_25' title="bbox 73 3136 1085 3225; baseline 0.001 -22"><span class='ocrx_word' id='word_1_230' title='bbox 73 3136 128 3203; x_wconf 82' lang='grc' dir='ltr'><em>ἀεί</em></span> <span class='ocrx_word' id='word_1_231' title='bbox 156 3139 237 3202; x_wconf 79' lang='grc' dir='ltr'><em>ὄντα</em></span> <span class='ocrx_word' id='word_1_232' title='bbox 264 3141 379 3222; x_wconf 78' lang='grc' dir='ltr'><em>φησίν,</em></span> <span class='ocrx_word' id='word_1_233' title='bbox 407 3137 448 3202; x_wconf 90' lang='grc' dir='ltr'><em>ού</em></span> <span class='ocrx_word' id='word_1_234' title='bbox 475 3138 611 3204; x_wconf 80' lang='grc' dir='ltr'><em>πάντων</em></span> <span class='ocrx_word' id='word_1_235' title='bbox 638 3142 728 3205; x_wconf 82' lang='grc' dir='ltr'><em>ἔσται</em></span> <span class='ocrx_word' id='word_1_236' title='bbox 755 3140 792 3204; x_wconf 89' lang='grc' dir='ltr'><em>τὸ</em></span> <span class='ocrx_word' id='word_1_237' title='bbox 821 3149 953 3225; x_wconf 78' lang='grc' dir='ltr'><em>πρῶτον</em></span> <span class='ocrx_word' id='word_1_238' title='bbox 976 3145 1085 3204; x_wconf 89' lang='grc' dir='ltr'><em>αίτιον</em></span> 
     </span>
     <span class='ocr_line' id='line_1_26' title="bbox 72 3243 1126 3331; baseline 0.002 -21"><span class='ocrx_word' id='word_1_239' title='bbox 72 3243 131 3311; x_wconf 86' lang='grc' dir='ltr'><em>ιιαί</em></span> <span class='ocrx_word' id='word_1_240' title='bbox 161 3243 202 3309; x_wconf 87' lang='grc' dir='ltr'><em>οὐ</em></span> <span class='ocrx_word' id='word_1_241' title='bbox 233 3247 292 3326; x_wconf 90' lang='grc' dir='ltr'><em>μία</em></span> <span class='ocrx_word' id='word_1_242' title='bbox 321 3243 341 3327; x_wconf 84' lang='grc' dir='ltr'><em>ἡ</em></span> <span class='ocrx_word' id='word_1_243' title='bbox 372 3243 454 3329; x_wconf 81' lang='grc' dir='ltr'><em>ἀρχὴ</em></span> <span class='ocrx_word' id='word_1_244' title='bbox 485 3254 551 3309; x_wconf 91' lang='grc' dir='ltr'><em>τῶν</em></span> <span class='ocrx_word' id='word_1_245' title='bbox 582 3247 690 3309; x_wconf 79' lang='grc' dir='ltr'><em>ὄντων</em></span> <span class='ocrx_word' id='word_1_246' title='bbox 719 3245 801 3310; x_wconf 85' lang='grc' dir='ltr'><em>ἀλλά</em></span> <span class='ocrx_word' id='word_1_247' title='bbox 832 3249 965 3310; x_wconf 89' lang='grc' dir='ltr'><em>πολλαί·</em></span> <span class='ocrx_word' id='word_1_248' title='bbox 1003 3245 1083 3331; x_wconf 80' lang='grc' dir='ltr'><strong><em>ὅπερ</em></strong></span> <span class='ocrx_word' id='word_1_249' title='bbox 1098 3271 1126 3313; x_wconf 80' lang='grc' dir='ltr'><em>ιτ</em></span> 
     </span>
     <span class='ocr_line' id='line_1_27' title="bbox 73 3347 1085 3436; baseline -0.002 -19"><span class='ocrx_word' id='word_1_250' title='bbox 73 3354 210 3417; x_wconf 80' lang='grc' dir='ltr'><em>ἄτοπον.</em></span> <span class='ocrx_word' id='word_1_251' title='bbox 261 3347 334 3415; x_wconf 75' lang='grc' dir='ltr'><em>οὐδ’</em></span> <span class='ocrx_word' id='word_1_252' title='bbox 366 3351 430 3435; x_wconf 83' lang='grc' dir='ltr'><em>ἀρα</em></span> <span class='ocrx_word' id='word_1_253' title='bbox 459 3352 520 3433; x_wconf 77' lang='grc' dir='ltr'><em>τὴν</em></span> <span class='ocrx_word' id='word_1_254' title='bbox 549 3350 618 3416; x_wconf 81' lang='grc' dir='ltr'><em>κατ’</em></span> <span class='ocrx_word' id='word_1_255' title='bbox 651 3353 760 3417; x_wconf 86' lang='grc' dir='ltr'><em>αἰτίαν</em></span> <span class='ocrx_word' id='word_1_256' title='bbox 791 3350 923 3436; x_wconf 73' lang='grc' dir='ltr'><em>γένεσιν</em></span> <span class='ocrx_word' id='word_1_257' title='bbox 955 3350 1085 3435; x_wconf 77' lang='grc' dir='ltr'><em>ἀναιρεῖ</em></span> 
     </span>
     <span class='ocr_line' id='line_1_28' title="bbox 74 3453 1084 3544; baseline -0.002 -21"><span class='ocrx_word' id='word_1_258' title='bbox 74 3469 144 3523; x_wconf 84' lang='grc' dir='ltr'><em>τῶν</em></span> <span class='ocrx_word' id='word_1_259' title='bbox 172 3459 289 3522; x_wconf 77' lang='grc' dir='ltr'><em>ὄντων.</em></span> <span class='ocrx_word' id='word_1_260' title='bbox 336 3455 386 3520; x_wconf 85' lang='grc' dir='ltr'><em>ὅτι</em></span> <span class='ocrx_word' id='word_1_261' title='bbox 410 3453 446 3520; x_wconf 79' lang='grc' dir='ltr'><em>ἀὲ</em></span> <span class='ocrx_word' id='word_1_262' title='bbox 470 3453 550 3522; x_wconf 71' lang='grc' dir='ltr'><em>ούάὲ</em></span> <span class='ocrx_word' id='word_1_263' title='bbox 574 3459 610 3521; x_wconf 86' lang='grc' dir='ltr'><em>τὸ</em></span> <span class='ocrx_word' id='word_1_264' title='bbox 635 3456 672 3521; x_wconf 78' lang='grc' dir='ltr'><em>ἐν</em></span> <span class='ocrx_word' id='word_1_265' title='bbox 694 3465 740 3544; x_wconf 76' lang='grc' dir='ltr'><em>τῷ</em></span> <span class='ocrx_word' id='word_1_266' title='bbox 763 3461 918 3540; x_wconf 80' lang='grc' dir='ltr'><em>γίνεσθαι</em></span> <span class='ocrx_word' id='word_1_267' title='bbox 942 3453 1084 3523; x_wconf 83' lang='grc' dir='ltr'><em>τὸεῖναι</em></span> 
     </span>
    </p>
   </div>
   <div class='ocr_carea' id='block_1_3' title="bbox 146 3701 994 3775">
    <p class='ocr_par' dir='ltr' id='par_1_3' title="bbox 146 3701 994 3775">
     <span class='ocr_line' id='line_1_29' title="bbox 146 3701 994 3775; baseline -0.002 -18"><span class='ocrx_word' id='word_1_268' title='bbox 146 3708 171 3756; x_wconf 79' lang='lat'><em>2.</em></span> <span class='ocrx_word' id='word_1_269' title='bbox 192 3703 222 3774; x_wconf 76' lang='grc' dir='ltr'><em>[ὕ</em></span> <span class='ocrx_word' id='word_1_270' title='bbox 242 3701 383 3775; x_wconf 63' lang='grc' dir='ltr'><em>οτοιληίίο.</em></span> <span class='ocrx_word' id='word_1_271' title='bbox 403 3703 534 3775; x_wconf 64' lang='grc' dir='ltr'><em>νοτιλϋλη</em></span> <span class='ocrx_word' id='word_1_272' title='bbox 558 3703 587 3756; x_wconf 88' lang='grc' dir='ltr'>Μ</span> <span class='ocrx_word' id='word_1_273' title='bbox 678 3710 719 3758; x_wconf 84' lang='grc'><em>14.</em></span> <span class='ocrx_word' id='word_1_274' title='bbox 738 3722 769 3758; x_wconf 85' lang='grc' dir='ltr'><em>το</em></span> <span class='ocrx_word' id='word_1_275' title='bbox 789 3719 822 3756; x_wconf 80' lang='lat' dir='ltr'><em>ex</em></span> <span class='ocrx_word' id='word_1_276' title='bbox 841 3721 884 3756; x_wconf 79' lang='grc' dir='ltr'><em>αει</em></span> <span class='ocrx_word' id='word_1_277' title='bbox 909 3720 945 3757; x_wconf 85' lang='lat' dir='ltr'><em>cr.</em></span> <span class='ocrx_word' id='word_1_278' title='bbox 965 3702 994 3755; x_wconf 88' lang='lat' dir='ltr'>M</span> 
     </span>
    </p>
   </div>
   <div class='ocr_carea' id='block_1_4' title="bbox 72 3795 1131 3988">
    <p class='ocr_par' dir='ltr' id='par_1_4' title="bbox 72 3795 1131 3988">
     <span class='ocr_line' id='line_1_30' title="bbox 75 3795 1017 3898; baseline 0.002 -16"><span class='ocrx_word' id='word_1_279' title='bbox 75 3834 118 3883; x_wconf 77' lang='lat'><em>1⁶.</em></span> <span class='ocrx_word' id='word_1_280' title='bbox 142 3827 344 3898; x_wconf 64' lang='grc' dir='ltr'><em>ἀντιλστοεφιιλ</em></span> <span class='ocrx_word' id='word_1_281' title='bbox 366 3826 397 3879; x_wconf 87' lang='grc' dir='ltr'>Μ</span> <span class='ocrx_word' id='word_1_282' title='bbox 483 3846 554 3898; x_wconf 78' lang='grc' dir='ltr'><em>προς</em></span> <span class='ocrx_word' id='word_1_283' title='bbox 576 3826 618 3897; x_wconf 73' lang='grc' dir='ltr'><em>Μς</em></span> <span class='ocrx_word' id='word_1_284' title='bbox 648 3827 712 3887; x_wconf 77' lang='lat' dir='ltr'>fort.</span> <span class='ocrx_word' id='word_1_285' title='bbox 733 3849 794 3898; x_wconf 82' lang='grc' dir='ltr'><em>πως</em></span> <span class='ocrx_word' id='word_1_286' title='bbox 889 3795 1017 3887; x_wconf 53' lang='grc' dir='ltr'><em>ανάοὶὶ</em></span> 
     </span>
     <span class='ocr_line' id='line_1_31' title="bbox 72 3895 1131 3988; baseline 0.004 -36"><span class='ocrx_word' id='word_1_287' title='bbox 72 3904 113 3952; x_wconf 82' lang='lat'><em>1⁷.</em></span> <span class='ocrx_word' id='word_1_288' title='bbox 136 3898 296 3964; x_wconf 66' lang='grc' dir='ltr'><em>αννθελτιν]</em></span> <span class='ocrx_word' id='word_1_289' title='bbox 309 3896 345 3946; x_wconf 87' lang='lat' dir='ltr'><em>M</em></span> <span class='ocrx_word' id='word_1_290' title='bbox 397 3903 439 3953; x_wconf 83' lang='grc'><em>19.</em></span> <span class='ocrx_word' id='word_1_291' title='bbox 460 3899 495 3955; x_wconf 79' lang='lat' dir='ltr'><em>ef.</em></span> <span class='ocrx_word' id='word_1_292' title='bbox 512 3917 582 3976; x_wconf 79' lang='lat' dir='ltr'><strong>pag.</strong></span> <span class='ocrx_word' id='word_1_293' title='bbox 600 3909 663 3979; x_wconf 76' lang='lat'><em>173,</em></span> <span class='ocrx_word' id='word_1_294' title='bbox 681 3912 717 3963; x_wconf 84' lang='grc'><em>19</em></span> <span class='ocrx_word' id='word_1_295' title='bbox 730 3925 777 3988; x_wconf 69' lang='grc' dir='ltr'><em>οη.</em></span> <span class='ocrx_word' id='word_1_296' title='bbox 842 3913 891 3964; x_wconf 70' lang='lat'><em>24.</em></span> <span class='ocrx_word' id='word_1_297' title='bbox 916 3902 1067 3979; x_wconf 56' lang='lat' dir='ltr'><em>veqmffiw</em></span> <span class='ocrx_word' id='word_1_298' title='bbox 1089 3895 1131 3950; x_wconf 55' lang='lat' dir='ltr'>R</span> 
     </span>
    </p>
   </div>
   <div class='ocr_carea' id='block_1_5' title="bbox 0 0 1204 4208">
    <p class='ocr_par' dir='ltr' id='par_1_5' title="bbox 0 0 1204 4208">
     <span class='ocr_line' id='line_1_32' title="bbox 0 0 1204 4208; baseline 0 0"><span class='ocrx_word' id='word_1_299' title='bbox 0 0 1204 4208; x_wconf 95' lang='lat' dir='ltr'><em> </em></span> 
     </span>
    </p>
   </div>
  </div>
 </body>
</html>
