2394 4208
73 549 138 602 XVI
153 550 181 621 ὁ]
346 549 394 603 DE
413 549 672 604 AETERNITATE}
689 547 811 603 MVNDI
1020 547 1086 612 585

76 713 154 776 οὔτε
184 712 249 797 πρὸ
281 721 341 776 τοῦ
373 710 574 796 τεταγμένου
606 713 643 777 τὸ
676 712 818 777 ἄτακτον
848 707 893 796 ἧν
927 709 997 797 (καλ
1029 711 1087 775 διὰ

75 828 174 884 τοῦτο
199 814 322 901 ἀληθές
344 819 382 882 τὸ
405 820 449 902 μὴ
472 821 553 902 μετὰ
573 820 610 883 τὸ
630 820 772 884 ἄτακτον
789 817 895 904 ἄρχην
914 816 1086 902 εἰληφέναι

76 927 113 990 τὸ
137 923 352 1008 τεταγμένον·
375 921 456 989 οὐδὲ
478 926 542 1010 γάρ
565 920 609 1009 ἦν
627 925 712 1002 ὅλως
729 925 766 990 τὸ
786 923 941 1012 ἄτακτον)
961 923 1015 989 καὶ
1035 924 1085 989 ὅτι

75 1032 138 1096 οὐκ
168 1035 259 1096 ε”σται
289 1033 370 1115 μετὰ
398 1032 435 1095 τὸ
466 1029 667 1116 τεταγμένον
695 1032 733 1096 τὸ
764 1033 906 1097 ἄτακτον
934 1030 1002 1119 (καὶ
1030 1031 1089 1096 διὰ

75 1149 174 1203 τοῦτο
199 1138 259 1223 οὐχ
283 1137 350 1216 ἕξει
374 1139 411 1203 τὸ
435 1136 636 1223 τεταγμένον
653 1139 717 1224 πρὸ
737 1147 797 1203 τοῦ
816 1137 958 1203 άτάκτου
976 1143 1086 1203 τελευ-
1114 1162 1129 1203 τ

75 1250 150 1329 τήν,
180 1244 292 1329 ἐπειδὴ
322 1242 406 1329 μηδὲ
434 1249 525 1311 ἔσται
553 1247 634 1330 μετά
661 1247 698 1310 τὸ
726 1244 927 1328 τεταγμένον
949 1246 986 1310 τὸ
1011 1246 1087 1309 ἄτα-

76 1351 185 1439 κτον),
213 1352 254 1416 οὐ
282 1355 364 1436 μήν,
393 1351 506 1435 ἐπειδὴ
533 1355 614 1437 μήτε
641 1353 721 1436 μετά
748 1352 786 1416 τὸ
815 1353 956 1416 ἄτακτον
983 1350 1088 1436 ἀρχὴν

78 1462 172 1542 ἔσχεν
202 1462 281 1542 μήτε
304 1461 461 1542 τελευτὴν
485 1458 534 1543 [ἢ]
557 1459 621 1544 πρὸ
645 1467 706 1523 τοῦ
729 1457 882 1541 ἀτάκτου,
909 1459 965 1522 διὰ
987 1466 1087 1523 τοῦτο

78 1561 158 1630 οὐδὲ
186 1564 292 1649 ἀρχὴν
320 1565 404 1642 ὅλως
428 1569 523 1650 ἔσχεν
545 1566 583 1630 τὸ
606 1563 807 1648 τεταγμένον
829 1561 909 1630 οὐδὲ
931 1565 1088 1647 τελευτὴν

78 1671 153 1748 ἕξει·
192 1673 221 1736 ελ
251 1667 312 1755 μέν
340 1673 402 1755 γάρ
423 1670 428 1758 )
449 1671 574 1755 ἀνάγκη
601 1666 646 1755 ἧν
673 1670 830 1755 ἀμοιβαῖα
859 1667 945 1736 εἶναι
969 1671 1006 1735 τὸ
1031 1687 1070 1727 101·
1079 1688 1143 1728 2⁴⁴¹-

77 1776 277 1861 τεταγμένον
299 1777 354 1842 καὶ
373 1779 410 1842 τὸ
430 1780 581 1861 ἄτακτον,
599 1779 644 1854 ὡς
661 1779 705 1862 μη
725 1779 822 1855 ὄντος
841 1776 987 1862 θατέρου
1005 1777 1088 1841 πάν·
1102 1803 1128 1843 ιι

77 1909 141 1960 τως
170 1885 316 1969 θάτερον
346 1880 448 1968 εἶναι,
477 1888 585 1962 καλῶς
615 1883 632 1949 ὁ
662 1886 817 1967 Πρόκλος
848 1886 1088 1966 συνελογίζετο,

79 1992 137 2073 ὡς,
170 1992 199 2056 εἰ
230 1991 267 2055 τὸ
299 1993 442 2056 ἄτακτον
470 1994 550 2075 μήτε
580 1992 645 2076 πρὸ
675 2000 736 2056 τοῦ
765 1990 967 2074 τεταγμένου
997 1993 1089 2055 ἔστιν

77 2101 157 2180 μήτε
184 2095 251 2180 μετ’
279 2098 375 2181 αὐτό,
403 2107 464 2162 τοῦ
492 2097 634 2162 άτάκτου
662 2096 825 2181 μηδέποτε
853 2100 950 2174 ὄντος
977 2098 1014 2161 τὸ
1037 2119 1088 2161 τε-

77 2201 243 2286 ταγμεύον
270 2202 322 2269 ἀεὶ
350 2207 441 2269 ἔσται
467 2206 547 2288 μήτε
575 2203 680 2290 ἀρχὴν
707 2207 785 2289 ἔχον
806 2206 888 2288 μήτε
910 2202 1012 2280 τέλος.
1059 2204 1088 2268 εἰ
1102 2225 1130 2268 ιτ

79 2306 116 2374 δέ
143 2306 226 2393 μηδὲ
254 2309 419 2395 ἐνδέχεται
443 2311 527 2387 ὅλως
551 2306 636 2375 εἶναι
660 2311 697 2375 τὸ
721 2312 873 2394 ἄτακτον,
899 2312 985 2377 διότι
1008 2312 1089 2394 μήτε

79 2414 114 2480 ἐκ
138 2417 345 2500 ταυτομάτου
370 2415 462 2482 ἐστὶν
483 2418 563 2501 μήτε
587 2414 620 2494 ἐξ
639 2420 739 2501 ἄλλης
758 2418 878 2501 αλτίας,
898 2418 952 2482 ὅτε
970 2416 989 2483 ὁ
1007 2417 1089 2493 θεὸς

79 2525 145 2606 ἄμα
176 2545 210 2586 τε
240 2524 382 2607 παράγει
411 2522 550 2588 ἕκαστον
579 2522 635 2589 καλ
664 2526 745 2608 μετά
771 2535 829 2608 τῆς
856 2523 1089 2610 προσηκούσης

79 2629 160 2693 αὐτὸ
188 2627 308 2705 τάξεως
335 2630 490 2714 παράγει,
519 2629 580 2714 οὐχ
608 2627 673 2707 ἔξει
700 2626 762 2714 μὲν
783 2632 864 2714 μετὰ
885 2631 923 2694 τὸ
947 2631 1089 2694 ἄτακτον

81 2735 186 2820 ἀρχὴν
208 2736 246 2799 τὸ
269 2735 481 2819 τεταγμένον,
504 2733 575 2800 ἐπεὶ
598 2732 680 2819 μηδὲ
702 2731 745 2819 ἦν
768 2735 852 2812 ὅλως
874 2737 912 2800 τὸ
936 2738 1089 2819 ἄτακτον,
1102 2760 1131 2800 ιο

80 2842 185 2927 ἀρχὴν
211 2839 324 2925 μέντοι
353 2845 440 2926 ἔχειν
463 2841 544 2906 αὐτὸ
569 2840 747 2926 ἐνδέχεται·
783 2843 885 2907 πάλιν
907 2840 936 2906 δ’
960 2837 1003 2907 αὖ
1027 2842 1088 2926 οὐχ

79 2946 143 3025 ἔξει
170 2949 327 3030 τελευτὴν
353 2948 418 3033 πρὸ
448 2956 509 3012 τοῦ
536 2947 678 3012 ἄτάκτου
705 2949 742 3012 τὸ
771 2946 971 3032 τεταγμένου
993 2944 1088 3034 (οὐδὲ

79 3056 142 3139 γὰρ
175 3057 266 3119 ἔσται
296 3055 367 3130 πώς
398 3076 477 3118 ποτε
509 3054 546 3117 τὸ
579 3052 750 3141 ἄτακτον),
786 3056 944 3138 τελευτὴν
974 3051 1088 3138 μέντοι

80 3164 168 3244 ἔχειν
195 3158 370 3244 ἐνδέχεται.
415 3162 558 3225 ἄτακτον
585 3157 622 3225 δέ
649 3159 735 3244 λέγω
762 3162 799 3225 τὸ
829 3168 875 3248 τῷ
903 3159 1088 3248 τεταγμένη)

80 3267 245 3350 ἐναντίον,
277 3266 449 3332 τουτέστιν
480 3267 517 3331 τὸ
549 3265 749 3351 πλημμελές,
781 3268 826 3344 ὡς
857 3269 997 3350 ἄφωνον
1028 3268 1088 3331 τὸν
1102 3289 1130 3331 ιι

79 3377 278 3457 κακόφωνον
308 3371 362 3438 καὶ
393 3375 548 3457 ἄμορφον
575 3374 636 3438 τὸν
662 3376 888 3458 κακόμορφον,
918 3373 1004 3438 οὕτω
1033 3372 1088 3438 καλ

79 3483 221 3545 ἄτακτον
248 3481 285 3544 τὸ
313 3490 371 3564 τῆς
397 3481 479 3544 κατὰ
506 3480 613 3564 φύσιν
641 3478 859 3565 ἐστερημένον
881 3478 1016 3563 τάξεως,
1044 3480 1089 3556 ὡς

80 3593 115 3650 εἴ
140 3611 190 3663 τις
218 3588 279 3670 την
308 3595 368 3650 τοῦ
398 3587 521 3663 παντὸς
551 3583 645 3663 τάξιν
675 3584 925 3670 συγκεχυμένην
957 3585 1088 3670 ἐπινοή-

152 3855 176 3903 8.
196 3847 214 3916 ἢ
234 3848 286 3902 del.
361 3855 400 3902 14.
420 3849 490 3921 iffi,
510 3865 544 3903 ex
563 3870 599 3920 ω,
616 3849 648 3904 M
720 3856 769 3904 Ἦ.
785 3849 819 3906 τὶ)
832 3849 942 3916 RQ
952 3844 1061 3898 τουῖἃ

75 3925 117 3973 28.
136 3920 368 3991 συγκεγνμενληῖν
386 3920 418 3975 Μ
