2394 4208
54 575 156 648 mn]
322 572 646 631 mmmmm
663 572 835 630 mm·
998 573 1062 639 357

55 737 176 824 μένου,
200 739 311 804 αὐτῶν
333 735 371 804 δέ
393 749 461 804 τῶν
483 738 584 805 είθῶν
605 738 891 823 ὑπεκχωρούντων
909 736 1064 822 ἀλληλοις

57 848 216 929 δηλονότι
238 844 293 911 καὶ
316 855 356 932 τῇ
379 855 439 911 τοῦ
463 843 622 931 δευτέρου
644 847 811 931 παρουσίᾳ
834 845 881 923 είς
904 846 941 910 τὸ
960 846 1003 928 μη
1023 844 1064 910 ὃν

55 961 117 1017 τοῦ
148 951 313 1038 προτέρου
345 950 600 1037 μεθισταμένου.
649 959 748 1016 τοῦτο
781 949 810 1015 θ’
844 952 924 1017 αὐτὸ
958 950 1013 1016 καλ
1045 950 1064 1016 ὁ

58 1060 202 1124 Πλάτων
230 1060 314 1144 ἡμᾶς
343 1059 381 1125 έν
412 1059 562 1125 Φαίδωνι
593 1069 708 1142 σαφῶς
741 1056 904 1136 ἐδίδαξεν
940 1058 1065 1140 εἰσάγει

55 1167 120 1250 γάρ
150 1166 210 1230 τὸν
238 1167 421 1252 Σωκράτην
450 1164 495 1250 πῂ
525 1161 587 1250 μὲν
615 1166 656 1229 τά
685 1163 818 1229 ἐναντία
851 1162 883 1241 ἐξ
914 1163 1065 1248 άλληλων
1091 1189 1105 1230 ι

56 1275 214 1355 γίνεσθαι
237 1270 392 1356 λέγοντα,
418 1271 465 1356 πη
489 1268 527 1337 δὲ
549 1273 593 1356 μὴ
618 1271 789 1335 δύνασθαί
807 1293 886 1335 ποτε
908 1270 946 1334 τὸ
971 1269 1064 1335 έναν-

55 1381 131 1442 τίον
149 1377 319 1462 γενέσθω,
338 1378 418 1463 ὅπερ
438 1379 476 1443 τὸ
495 1377 659 1460 ἐναντίον,
678 1374 747 1441 ἀλλ’
769 1378 835 1459 άμα
857 1383 903 1464 τῷ
925 1382 1065 1462 προσελ-

55 1491 135 1549 θεῖν
162 1495 230 1548 τῶν
253 1484 414 1550 ἐναντίων
436 1485 473 1549 τὸ
497 1483 612 1571 ἕτερον
633 1484 671 1549 τὸ
694 1484 814 1548 λοιπὸν
837 1484 942 1561 εὐθὺς
965 1483 1065 1549 ἀπόλ-

54 1595 196 1655 λυσθαι’
241 1599 288 1679 τῷ
324 1592 387 1677 γάρ
418 1597 536 1680 θερμῷ
568 1593 693 1675 σάματι
724 1592 977 1676 προσελθούσης
1008 1602 1066 1676 της

55 1695 186 1774 ψύξεως
209 1697 315 1775 εὐθὺς
336 1698 357 1782 ἡ
380 1701 545 1784 θερμότης
568 1696 758 1763 ἀπόλλυται.
794 1705 897 1761 ταῦτα
919 1694 1063 1784 Σωκράλ
1079 1721 1105 1761 ιο

54 1826 136 1880 τους
163 1805 314 1882 είπύντος
340 1803 379 1870 έν
403 1805 554 1869 Φαίδωνι
576 1807 635 1869 καί
654 1828 746 1882 τινος
769 1814 836 1868 τῶν
858 1803 982 1888 άιιροω-
1006 1819 1045 1860 roh
1056 1818 1117 1861 1⁴⁵1·

55 1908 167 1993 μένων
194 1912 243 1988 είς
266 1909 518 1994 έναυτιολογίαν
541 1911 644 1976 αὐτὸν
665 1919 857 1996 περιπεσεῖν
879 1908 1065 1993 οἰηθέντος,

57 2022 151 2101 είπερ
175 2016 193 2081 ὁ
217 2016 317 2094 αὐτὸς
338 2018 379 2081 τά
401 2040 436 2082 τε
460 2017 595 2082 ἐναντία
617 2017 722 2102 φησὶν
745 2014 778 2095 έξ
802 2016 954 2101 ἀλλήλων
977 2019 1064 2100 γίνε-

56 2128 140 2187 σθαι
170 2120 225 2187 καί
254 2123 357 2189 πάλιν
385 2125 429 2207 μὴ
458 2125 627 2189 δύνασθαι
655 2126 692 2189 τὸ
723 2123 876 2189 ἐναντίον
907 2121 1065 2207 γενέσθαι

55 2227 146 2312 ποτέ,
166 2229 245 2315 ὅπερ
264 2230 302 2295 τὸ
322 2229 486 2314 ἐναντίον,
510 2230 527 2295 ὁ
552 2232 732 2316 Σωκράτης
753 2231 837 2316 πρὸς
859 2230 919 2295 τὸν
942 2228 1064 2315 άπορή-
1079 2241 1111 2294 ιε’

55 2335 160 2400 σαντά
187 2354 307 2420 φησιν,
335 2338 380 2415 ὡς
408 2336 520 2423 ὀρθῶς
547 2334 609 2422 μέν
635 2349 704 2403 των
730 2336 914 2424 εἰρημένων
941 2359 1066 2420 μνημο-

56 2443 179 2518 νεύσας
206 2449 272 2526 είη,
300 2443 341 2507 οὐ
368 2444 435 2527 μην
457 2445 519 2527 τὴν
541 2443 710 2530 διαφοράν
732 2445 898 2527 νενοηκὼς
919 2453 989 2507 τῶν
1011 2445 1066 2507 λό-

55 2568 139 2630 γων·
174 2547 227 2612 ὅτε
258 2544 321 2632 μὲν
352 2551 414 2636 γάρ
447 2548 614 2633 ἐλέγομεν,
647 2553 762 2634 φησίν,
793 2551 834 2614 τά
866 2549 1000 2614 έναντία
1032 2547 1065 2626 ἐξ

58 2653 212 2738 ἀλλήλων
234 2659 406 2739 γίνεσθαι,
427 2654 504 2741 περὶ
527 2666 595 2721 τῶν
617 2655 761 2741 ἐχόντων
784 2658 824 2721 τά
846 2655 980 2721 ἐναντία
998 2654 1065 2721 έλέ-

56 2782 174 2844 μομεν,
205 2761 379 2827 τουτέστιν
409 2770 470 2827 τοῦ
502 2772 620 2828 κοινοῦ
650 2773 718 2828 τῶν
745 2761 905 2828 ἐναντίων
932 2762 1064 2827 ὑποκει-
1079 2785 1106 2826 ιο

56 2865 169 2951 μένου.
224 2869 262 2932 τὸ
294 2870 358 2954 γάρ
392 2880 485 2952 σῶμα
516 2870 546 2934 εί
578 2870 672 2953 τύχοι
705 2870 826 2934 λευκὸν
861 2867 902 2933 ὃν
938 2872 1065 2952 γίνεται

56 2968 158 3050 αὖθις
184 2972 297 3058 μέλαν.
342 2974 472 3059 λέγεται
500 2970 623 3040 οὖντὸ
647 2976 769 3040 λευκὸν
792 2986 885 3060 σῶμα
907 2975 1065 3059 μεταβάλ-

55 3084 129 3143 λειν
147 3081 195 3157 είς
212 3081 249 3145 τὸ
269 3079 373 3164 μέλαν
396 3091 499 3165 σῶμα,
522 3079 695 3146 τουτέστιν
718 3081 755 3145 τὸ
778 3080 915 3165 μετέχον
938 3080 1066 3165 ἀμφοῖν

56 3184 93 3249 ἐκ
124 3184 270 3268 θατέρου
303 3189 350 3264 είς
381 3188 528 3272 θάτερον
559 3189 780 3272 μεταβαίνειν.
826 3183 922 3252 αύται
952 3186 1065 3270 μέντοι

55 3292 89 3355 αἱ
123 3290 269 3358 ἐναντίαι
304 3292 389 3358 ίθεάι
421 3291 456 3380 (ἡ
484 3296 641 3377 λευκότης
668 3292 752 3378 λέγω
780 3291 835 3357 καί
864 3292 885 3375 ἡ
912 3291 1065 3379 μελανία)
1079 3317 1107 3358 τε

55 3396 230 3482 οὐδέποτε,
262 3404 382 3484 φησίν,
413 3401 475 3483 την
502 3402 550 3478 είς
577 3402 702 3484 άλληλα
730 3398 862 3483 γένεσιν
888 3398 943 3463 καὶ
971 3422 1065 3483 μετα-

54 3507 162 3589 βολὴν
185 3504 403 3591 ἀναδέχονται
427 3504 602 3592 (οὐδέποτε
626 3509 688 3592 γάρ
712 3507 732 3590 ἡ
751 3509 909 3589 λευκότης
926 3508 1065 3588 μελανία

55 3610 208 3700 γίνεται),
227 3612 297 3677 ἀλλ’
317 3612 452 3678 ἐπειδάν
469 3636 501 3677 τι
520 3623 588 3677 τῶν
607 3612 768 3679 ἐναντίων
790 3621 836 3700 τῷ
858 3611 1064 3700 ὑποκειμένῳ

41 3831 48 3844 ·
127 3882 150 3927 4,
169 3875 241 3929 Pht.
261 3875 403 3931 Phaedon.
425 3875 489 3932 ⁷01)
505 3894 548 3949 sq.
568 3876 769 3951 οί.1()3Ᾱεο.
842 3872 1101 3933 nffizmm—

46 3942 108 3997 ἀπ’
129 3946 265 4012 1031439,
343 3952 386 4004 27.
407 3952 646 4029 αναδεχλολνται,
664 3970 705 4011 ex
725 3972 750 4026 ε,
763 3951 802 4007 θλ
