2394 4208
92 532 143 585 xv
159 539 183 586 τ.
199 534 227 605 3]
361 532 409 588 οιι
427 532 684 587 κατατάττοντα
702 531 823 587 mm
1036 528 1101 597 557

91 697 310 779 βουλόμενος·
351 696 415 779 ἤδη
445 691 507 780 μὲν
534 697 596 781 γάρ
626 694 663 759 ἐν
690 704 737 784 τῳ
764 694 897 784 πέμπτῳ
925 697 1013 783 λόγῳ
1041 695 1103 778 τὴν

93 803 234 885 μάλιστα
257 803 509 888 καρτερωτάτην
531 813 599 868 τῶν
621 801 781 893 ἀποριῷν,
804 800 848 867 δι’
870 798 910 887 ἧς
933 804 1025 867 δοκεῖ
1044 799 1097 885 ἐφ’

93 906 230 993 ἑκάτερα
254 904 338 973 εἰναι
363 910 497 994 άπειρος
523 908 540 973 ὁ
564 912 698 994 χρόνος,
722 909 966 994 ἐπελνσάμεθα
994 906 1049 972 καί
1073 913 1108 971 εἰ

92 1038 182 1092 τινες
213 1012 249 1079 δὲ
281 1017 377 1080 άλλαι
407 1011 485 1095 εἶεν,
516 1014 553 1080 ἐν
583 1024 687 1103 καιρῷ
717 1015 772 1080 καί
800 1025 902 1080 ταῦτα
931 1014 1103 1092 ἐπισκεψό-

93 1130 194 1206 μεθα·
227 1122 268 1187 οὐ
297 1124 359 1205 γάρ
384 1130 448 1185 νῦν
470 1121 551 1205 ἡμῖν
574 1119 733 1201 ἐξετάζειν
755 1122 792 1185 τὸ
817 1120 870 1185 ἐπὶ
895 1130 954 1185 τοῦ
978 1124 1101 1204 χρόνον
1130 1146 1143 1186 5

92 1232 264 1312 πρόκειται
294 1227 434 1312 σκέμμα,
464 1237 626 1293 τοσοῦτον
656 1225 693 1293 δὲ
720 1231 825 1313 μόνον
854 1226 958 1304 δείξαι
983 1230 1103 1309 βουλό-

94 1343 192 1419 μεθα,
216 1333 384 1412 ὡςάὐτὸς
403 1332 509 1421 ἑαυτῷ
528 1333 701 1400 κάνταῦθα
720 1336 901 1419 σύμφωνος
921 1332 938 1398 ὁ
960 1335 1104 1398 Πλάτων

95 1446 249 1525 φαίνεται
272 1439 327 1505 καί
352 1441 545 1525 ὡμοιῶσθαι
566 1440 673 1523 λέγων
690 1441 750 1505 τὸν
768 1444 894 1524 κόσμον
913 1447 959 1527 τῳ
978 1442 1102 1528 αἰωνίῳ

94 1549 334 1632 παραδείγματι
366 1545 419 1611 καί
450 1547 514 1612 ἀπό
546 1571 637 1624 τινος
668 1547 769 1631 ἀρχῆς
798 1556 858 1611 τοῦ
890 1542 976 1610 εἶναι
1006 1545 1102 1633 ἄρξα-

94 1661 185 1719 σθαι.
232 1657 260 1719 εἰ
292 1650 354 1739 μὲν
387 1648 450 1719 οὖν
487 1652 582 1740 (ὅπερ
615 1655 677 1737 ἤδη
713 1649 822 1739 εἷπον)
857 1654 1025 1718 δεικνύειν
1053 1678 1103 1730 τις
1117 1679 1144 1718 ιο

96 1764 177 1845 ἔχει,
209 1762 254 1837 ὡς
286 1762 425 1846 ἄπειρον
457 1758 509 1843 ἐφ’
543 1758 679 1845 ἑκάτερα
709 1761 769 1824 τὸν
805 1763 930 1846 χρόνον
966 1755 1052 1823 εἰναι
1085 1759 1102 1825 ὁ

96 1867 240 1931 Πλάτων
267 1868 441 1952 βούλεται,
471 1864 606 1944 δειξάτω
633 1867 813 1952 παρελθὼν
841 1868 884 1951 μὴ
914 1863 947 1943 ἐξ
971 1867 1104 1930 οἰκείων

95 1978 265 2058 λογισμῶν
288 1972 358 2038 ἀλλ’
382 1973 418 2038 ἑκ
441 1985 508 2038 τῶν
528 1978 533 2052 l
553 1975 819 2058 συγγραμμάτων
841 1984 909 2037 τῶν
932 1973 1023 2036 Πλά-
1046 1989 1156 2030 romam.

94 2105 201 2157 τωνος
223 2079 278 2144 καί
301 2082 513 2164 πεπαύμεθα·
536 2082 565 2144 εἰ
593 2076 629 2144 δὲ
652 2080 851 2144 τούναντίον
874 2076 1103 2164 σννάρξασθαι

94 2195 141 2273 τῷ
170 2187 304 2274 οὐρανῷ
332 2188 392 2251 τὸν
419 2189 543 2271 χρόνον
565 2184 670 2270 ῳησίν
693 2185 747 2251 καὶ
770 2188 814 2270 μὴ
839 2181 924 2251 εἷναι
947 2184 1028 2271 πρὶν
1051 2208 1144 2268 γε-ιι

96 2292 230 2367 νέσθαι,
255 2293 272 2357 ὁ
297 2289 333 2357 δὲ
359 2296 513 2377 Πρόκλος
536 2294 648 2375 λαβὼν
672 2293 716 2369 ὡς
740 2293 866 2357 δοκοῦν
886 2293 1042 2356 Πλάτωνι
1065 2292 1102 2356 τὸ

95 2400 234 2483 άπειρον
262 2395 347 2464 εἰναι
375 2400 434 2463 τὸν
462 2401 586 2484 χρόνον
614 2396 665 2482 ἐφ’
694 2397 830 2483 ἑκάτερα
858 2399 946 2463 οὕτω
969 2400 1009 2462 τά
1032 2396 1104 2482 ἑξῆς

96 2510 345 2588 συνελογίσατο,
368 2504 542 2571 κάνταῦθα
566 2507 630 2590 ἄρα
653 2506 836 2581 Πλάτωνος
858 2501 920 2588 μὲν
943 2516 1104 2582 καταψευ-

96 2613 238 2696 δόμενος
260 2613 344 2695 ἡμᾶς
368 2609 404 2676 δὲ
428 2614 620 2699 πεφώραται
643 2615 952 2698 παραλογιζόμενος.

164 2717 206 2801 γ’.
239 2721 282 2782 Εἰ
313 2715 350 2783 δί
380 2717 472 2801 λέγοι
502 2721 545 2802 μὴ
577 2719 684 2795 άλλως
713 2719 908 2802 ὡμοιῶσθαι
936 2719 1146 2784 δύνασθαιω

95 2826 156 2889 τὸν
183 2829 309 2908 κόσμον
336 2833 381 2912 τῷ
413 2827 537 2912 αἰωνίῳ
560 2826 811 2910 παραδείγματι,
835 2827 864 2890 εἰ
887 2827 931 2910 μὴ
955 2823 1006 2909 ἐφ’
1035 2822 1105 2889 ἑκά-

96 2955 174 3015 τερα
207 2935 274 3016 ε”χοι
305 2932 343 2996 τὸ
375 2933 513 3016 ἄπειρον
544 2933 686 3016 ἄναρχος
716 2932 764 2995 ὢν
795 2931 849 2996 καί
883 2931 1105 3014 άτελεύτητος,

95 3050 229 3123 πρῶτον
256 3035 318 3122 μὲν
346 3038 408 3123 οὐχ
432 3039 476 3115 ὡς
500 3039 625 3103 δοκοῦν
648 3047 746 3103 τοῦτο
771 3039 927 3103 Πλάτωνι
951 3042 1105 3122 συλλογί-

98 3149 197 3223 ζεται·
222 3151 346 3229 εἴρηται
371 3145 448 3230 γάρ,
479 3145 568 3222 ὅπως
591 3144 716 3222 ἐκεῖνος
740 3147 895 3210 εἰκάσθαι
919 3144 1023 3229 φησὶν
1046 3145 1107 3208 τὸν

96 3255 222 3334 κόσμον
249 3260 294 3338 τῷ
322 3252 571 3336 παραδείγματι.
617 3254 646 3316 εἰ
675 3250 703 3316 δ’
733 3252 817 3329 ὅλως
845 3251 965 3336 ἀκριβῆ
990 3249 1107 3338 σῴζειν
1119 3277 1146 3318 ιτ

97 3357 245 3422 ἐνταῦθα
267 3358 361 3423 κάκεῖ
383 3367 443 3423 τοῦ
463 3358 517 3422 ἀεί
533 3360 594 3442 τὴν
613 3359 790 3442 ὁμοιότητα
807 3360 974 3442 βούλεται,
994 3357 1105 3441 ἐπειδὴ

97 3467 134 3528 τὸ
159 3466 366 3550 παράδειγμα
390 3464 431 3529 οὐ
454 3463 637 3550 γινομένην
661 3463 731 3529 ἀλλ’
750 3467 816 3549 ἅμα
837 3460 942 3530 οὖσαν
961 3467 1025 3549 ἔχει
1045 3472 1106 3528 τοῦ

96 3567 127 3635 εἷ
131 3597 183 3636 ναι
211 3575 271 3655 τὴν
299 3571 463 3656 ἀπειρίαν,
493 3572 537 3649 ὡς
564 3571 619 3636 καὶ
643 3572 732 3658 αὐτῷ
756 3575 900 3659 Πρόκλῳ
925 3573 1031 3653 δοκεῖ,
1055 3571 1108 3636 δεῖ

171 3772 194 3818 1,
213 3770 448 3833 pag.105‚17sq.
522 3769 546 3818 2.
565 3765 716 3835 anopt[m]v
735 3765 764 3819 M
835 3772 861 3818 4.
880 3784 971 3826 τιναις
988 3764 1018 3817 Μ

98 3835 160 3888 fort.
180 3836 283 3896 ταότας
363 3841 386 3890 6.
406 3854 451 3889 επι
471 3835 512 3903 Μ;
540 3834 605 3890 fort.
623 3837 690 3904 περὶ
770 3840 819 3891 λθ.
833 3838 1036 3905 ρας-’νῦἱὸθ

96 3912 136 3957 19.
157 3925 313 3973 πεφοραται
333 3906 364 3959 Μ
445 3914 488 3963 24.
509 3926 576 3981 pag.
593 3914 659 3981 553,
673 3914 691 3963 ἴ)
705 3926 752 3978 sq.
