2394 4208
73 549 151 603 xvn
165 552 228 621 ιε]
336 552 384 606 οι
402 550 659 606 Αενοιυιινινιι
677 550 800 607 ωνιωι
1013 551 1079 615 599

73 717 152 779 οίαν
178 717 402 798 χαριζόμενον,
430 715 595 798 οἰχήσεται
622 715 753 790 πάντως
780 712 900 780 ἑαυτὸν
930 713 1083 798 συνέχειν

75 820 109 897 ἐς
139 819 189 883 ἀεὶ
219 821 261 902 μὴ
293 821 486 903 δυνάμενος.
531 821 630 903 ὥστε,
658 817 721 883 κάν
748 818 826 906 λίγη
854 822 1008 905 Πλάτων,
1038 822 1083 898 ὠς

74 928 114 989 τὰ
140 925 205 990 ὑπὸ
233 935 293 990 τοῦ
321 927 527 1012 δημιουργοῦ
555 927 715 1010 γινόμενα
738 925 889 991 ἀθάνατά
913 925 1081 992 ἔστινκαὶ

75 1032 266 1117 ἀνώλεθρα,
293 1040 340 1119 τῷ
368 1032 527 1119 εἰρημένῳ
555 1031 660 1116 φησὶν
686 1035 796 1120 τρόπω
824 1032 976 1099 ἀθάνατα
999 1034 1083 1099 αὐτὰ

73 1137 254 1222 διαμένειν,
277 1140 364 1202 διότι
386 1141 477 1226 μόνφ
496 1146 543 1225 τῷ
561 1140 745 1221 βούλεσθαι
766 1139 1023 1225 διακρατοῦντος
1040 1141 1078 1204 τὸ
1106 1165 1121 1206 5

73 1254 140 1309 πᾶν
163 1255 223 1309 τοῦ
243 1245 548 1330 δημιουργήσαντος
567 1243 691 1328 ἀνάγκη
711 1254 799 1310 πᾶσα
816 1255 874 1328 τῆς
892 1248 1081 1331 βουλήσεως

75 1351 232 1434 ἀκινήτου
260 1352 424 1435 μενούσης
451 1349 505 1415 καί
536 1351 619 1415 αὐτὰ
641 1351 754 1435 μίνειν
777 1350 929 1417 ἀθάνατα
952 1352 1081 1438 ἐπίκτη-

77 1482 133 1522 τον
156 1457 191 1522 ίκ
214 1467 271 1541 τῆς
294 1460 484 1542 βουλήσεως
506 1465 566 1521 τοῦ
589 1463 674 1521 θεοῦ
697 1455 752 1521 καί
776 1457 838 1522 οὐκ
861 1457 896 1523 ἐκ
918 1468 976 1542 τής
995 1459 1082 1536 ἰδίας
1125 1479 1128 1486 ·

74 1566 207 1647 φύσεως
233 1565 270 1629 τὸ
299 1562 471 1628 ἀθάνατον
499 1566 623 1647 ἔχοντα
668 1572 771 1628 ταῦτα
799 1560 835 1628 δὲ
862 1564 948 1629 οὕτω
972 1563 1082 1648 λέγειν

73 1671 158 1754 ἡμᾶς
187 1672 248 1753 τήν
278 1671 458 1746 Πλάτωνος
489 1667 730 1753 ἐξηγουμένους
760 1670 914 1738 διάνοιαν
944 1669 1081 1755 ἀνάγκη,
1096 1695 1121 1735 ιο

74 1778 170 1861 εἰμὴ
194 1784 240 1864 τῷ
263 1777 334 1841 όντι
359 1777 405 1853 είς
429 1775 609 1859 ἀντίφασιν
637 1776 697 1840 τὸν
720 1777 884 1840 Πλάτωνα
910 1777 1082 1861 περιάγειν

73 1886 294 1966 βουλοίμεθα·
318 1885 407 1966 ἔφθη
431 1883 494 1967 γάρ
519 1882 622 1946 εἰπὼν
646 1881 821 1947 ’ἀθάνατοι
843 1879 905 1967 μὲν
927 1882 990 1948 οὐκ
1011 1879 1082 1948 ἐστὲ

73 1989 146 2054 οὐδ’
166 1991 280 2053 ἀλυτοι
300 1989 337 2053 τὸ
356 1988 512 2072 πάμπαν.’
547 1999 617 2064 πῶς
635 1983 698 2054 οὖν
717 1987 853 2074 ἐγχωρεῖ
875 1988 985 2071 λέγειν
1003 1991 1082 2066 τοὺς

75 2097 198 2172 αὐτοὺς
225 2094 280 2160 καί
309 2094 498 2170 ἀθανάτους
526 2089 611 2158 εἶναι
639 2093 693 2159 καί
722 2094 783 2159 οὐκ
811 2095 1002 2173 ἀθανάτους
1026 2094 1081 2160 καὶ

73 2205 196 2278 λντοὺς
223 2200 277 2266 καί
302 2201 342 2265 οὐ
367 2202 504 2284 λυτούς,
533 2202 562 2265 εί
585 2202 628 2285 μή
652 2202 689 2266 τὸ
713 2198 774 2286 μὲν
796 2212 835 2287 τῇ
859 2203 959 2286 φύσει
981 2203 1019 2267 τὸ
1044 2198 1080 2267 δὲ
1095 2229 1121 2268 ιε

73 2319 112 2393 τῇ
137 2317 195 2372 τοῦ
218 2313 303 2371 θεοῦ
326 2309 482 2389 βουλήσει
506 2304 702 2393 παρεξομεν;

141 2411 179 2478 ε’.
199 2410 332 2490 Ἱκανῶς
350 2409 412 2497 μὲν
435 2407 498 2477 οὖν
521 2407 611 2496 οἶμαι
634 2422 704 2489 τοῖς
724 2411 728 2499 Ι
748 2414 792 2497 μή
814 2415 920 2500 πάντη
945 2439 1000 2498 φι-
1022 2431 1062 2472 10¹.
1071 2433 1135 2474 νων,

74 2524 238 2596 λονείκοις
265 2519 319 2584 καὶ
348 2519 637 2605 ἀπηρυθριακόσιν
667 2521 749 2605 πρὸς
778 2521 839 2604 τήν
869 2520 1031 2605 ἀλήθειαν
1061 2520 1079 2586 ὁ

74 2629 175 2709 λόγος
205 2623 383 2710 ἀπέδειξεν,
414 2625 459 2701 ὡς
488 2627 565 2690 οὔτε
593 2635 660 2690 πᾶν
692 2626 802 2703 ἁπλῶς
833 2628 870 2690 τὸ
903 2629 1080 2714 άφθαρτον

72 2731 235 2815 ἀγένητον
266 2730 351 2815 ἀλλ’,
383 2737 473 2817 εἴπερ
507 2733 584 2818 ἀρα,
616 2733 653 2797 τὸ
687 2734 801 2818 φύσει,
832 2734 908 2798 οὔτε
937 2735 1120 2801 Πλάτωνεο

74 2840 174 2922 φύσει
211 2840 388 2924 ἄφθαρτον
424 2833 509 2902 εἶναι
545 2838 605 2903 τὸν
640 2841 766 2923 κόσμον
797 2846 899 2905 οίεται
931 2839 986 2905 καί
1023 2842 1079 2905 διά

73 2955 171 3009 τοῦτο
191 2941 269 3010 οὐδὲ
293 2943 463 3028 ἀγένητον.
509 2945 538 3008 εί
562 2941 598 3009 δὲ
622 2944 751 3010 δεῖκαὶ
773 2949 969 3031 μαρτυρίαις
991 2944 1079 3024 ἀξιο-

72 3057 199 3117 πίστων
222 3051 355 3137 ἀνδρῶν
376 3052 556 3133 βεβαιῶσαι
578 3052 638 3115 τὸν
661 3054 773 3135 λόγον,
792 3057 827 3116 εί
840 3077 884 3140 τφ
904 3052 996 3117 δοκεί
1016 3055 1079 3118 Γα-

72 3160 173 3241 ληνὸς
195 3156 382 3235 ἀξιόπιστος
405 3150 491 3221 εἶναι
514 3157 642 3222 τούτων
664 3159 805 3243 μάρτυς,
824 3158 906 3246 ἀνὴρ
930 3160 1078 3242 φυσικώ-

71 3268 169 3342 τατός
200 3287 235 3328 τε
267 3262 321 3328 καί
354 3259 455 3328 οὐδὲν
490 3258 591 3346 ήττον
621 3274 679 3347 τῆς
712 3265 798 3341 ίδίας
830 3262 1007 3349 ἐπιστήμης
1038 3267 1118 3332 τὰιι

71 3373 154 3436 κατὰ
181 3373 386 3455 φιλοσοφίαν
412 3370 605 3455 ήκριβωκὼς
634 3371 845 3455 θεωρήματα,
874 3374 1000 3457 παρίτω
1030 3379 1077 3458 τῷ

144 3604 184 3651 12.
204 3599 319 3668 εφθήηή,
338 3613 372 3650 ex
391 3614 429 3664 ει,
447 3597 477 3650 Μ
560 3595 631 3651 Plat.
651 3595 721 3650 Tim.
742 3597 803 3650 41Β
890 3603 931 3650 13.
952 3616 1076 3667 εγγωρει-

71 3670 143 3739 νεήσ
162 3670 243 3738 eras]
262 3687 339 3736 τους,
357 3667 388 3721 in
405 3684 492 3737 marg.
512 3670 609 3737 λεγειν,
627 3667 657 3720 Μ
748 3673 788 3721 15.
807 3670 888 3730 λυτος
902 3699 934 3708 -
949 3671 1029 3731 λυτος
1046 3668 1076 3721 Μ

71 3743 118 3809 (cr.
139 3742 151 3793 t
169 3743 198 3792 εί
217 3771 249 3779 -
269 3754 402 3808 superscr.
421 3757 449 3792 m
471 3745 484 3792 1
504 3770 538 3779 —
556 3740 586 3808 p)
663 3743 704 3793 23.
723 3738 753 3791 M
771 3757 799 3792 m
817 3745 831 3792 1
853 3738 889 3792 αδ
907 3738 932 3792 εί
949 3759 999 3793 τοι
1017 3743 1075 3794 not.

70 3862 171 3913 marg:
191 3863 250 3898 αντι
271 3863 320 3897 του
339 3817 424 3898 ίἀίτινι
496 3849 538 3898 23.
549 3848 592 3900 24.
610 3847 725 3916 γαλινος
736 3844 775 3899 Μ
843 3841 1102 3913 ³szszan

139 3921 174 3966 2ο·
186 3932 225 3980 sq,
246 3932 368 3983 παρειτω
378 3947 412 3959 -
422 3916 588 3992 ημετήερήωι
605 3917 638 3974 Μ
