2394 4208
10 39 923 353 -ς,

56 578 142 650 1v2]
333 578 381 633 DE
399 578 658 635 AETERMTATE
677 579 799 634 MVNDI
1029 582 1070 648 '11

57 743 122 825 τὴν
142 739 212 820 ἕξιν
233 743 297 826 ήδη
320 751 379 827 τῆς
405 752 632 827 γραμματικῆς
659 744 804 827 εἰληφὼς
826 743 928 827 οὕτω,
956 748 1071 829 φησίν,

56 844 145 913 εἶναι
168 849 309 932 δυνάμει
337 847 526 933 ἐπιστήμων
552 849 697 935 λέγεται,
725 850 769 928 ὡς
797 848 929 928 ἕξοντος
956 850 1072 934 αὐτοῦ,

57 955 140 1020 ὅταν
162 956 334 1039 βούληται,
358 956 420 1040 τὴν
441 959 591 1042 θεωρίαν
613 966 671 1040 τής
700 955 879 1041 ἐπιστήμης
905 960 1072 1043 προχειρί-

57 1066 186 1146 ζεσθαι,
214 1063 245 1128 εί
267 1065 311 1146 μή
334 1086 366 1126 τι
389 1063 522 1148 κωλύσῃ
550 1074 618 1127 τῶν
645 1061 784 1140 ἔξωθεν·
813 1061 939 1141 διδάξει
966 1063 1071 1147 γὰρὸ

58 1169 271 1252 διδάσκαλος,
292 1169 322 1234 ελ
339 1170 384 1253 μή
403 1170 504 1246 νόσος
521 1168 541 1252 ἢ
562 1168 684 1255 ἀπορία
701 1176 863 1254 μαθητῶν
879 1169 900 1254 ἣ
920 1169 1072 1252 άνεπιτῃ-
1099 1195 1111 1236 ι

56 1276 190 1359 δειύτης
211 1276 356 1361 κωλύσῃ,
385 1274 508 1359 ὁμοίως
529 1274 585 1340 καὶ
608 1275 626 1342 ὁ
650 1277 826 1361 οἰκοδόμος
849 1277 1072 1361 οἰκοδομήσει,

55 1381 113 1447 καὶ
136 1380 190 1447 ἐπὶ
213 1391 281 1446 τῶν
303 1383 415 1447 ἄλλων
437 1381 606 1459 ὡσαύτως·
629 1380 685 1447 καὶ
708 1386 806 1449 τοῦτό
830 1382 922 1448 ἐστιν
939 1384 977 1448 τὸ
996 1383 1072 1448 δεύ-

55 1511 156 1573 τερον
188 1488 344 1572 δυνάμει,
377 1487 458 1573 ὅπερ
489 1487 544 1553 καὶ
574 1499 708 1575 πρῶτον
737 1488 886 1575 ἐνεργείᾳ
916 1494 1071 1555 καλείτω.

55 1589 158 1672 οὗτος
186 1588 251 1660 οὖν
278 1593 296 1659 ὁ
319 1595 381 1679 τήν
403 1593 473 1673 ἕξιν
496 1598 594 1680 ἔχων,
624 1594 705 1659 ὅταν
730 1595 794 1679 ήδη
823 1595 964 1682 διδάσκῃ
991 1618 1072 1683 προ-

55 1703 281 1786 χειριζόμενος
299 1702 339 1766 τὰ
356 1705 555 1788 θεωρήματα
573 1739 616 1749 -
635 1710 734 1766 τούτο
754 1702 816 1786 γὰρ
835 1700 997 1786 ἐσήμανεν
1015 1703 1073 1767 διά
1086 1728 1112 1768 ιο

56 1816 121 1873 τοῦ
154 1808 261 1873 εἰπεῖν
292 1807 380 1874 ιτύδε
411 1809 448 1872 τὸ
482 1808 595 1893 άλφα’,
629 1806 750 1874 ὡσανεὶ
782 1810 896 1890 ἔλεγεν
927 1808 1003 1873 τόδε
1033 1810 1071 1873 τὸ

57 1915 220 2000 θεώρημα
228 1952 283 1998 -,
297 1919 423 1998 γίνεται
434 1913 617 2001 ἐντελεχείᾳ
631 1913 819 1998 ἐπιστήμων
832 1914 984 1996 κατδτήν
997 1913 1072 1978 δευ-

58 2019 162 2107 τέραν
183 2019 393 2105 καλουμένην
416 2020 595 2106 ἐνέργειαν.
641 2021 747 2097 οὕτως
770 2014 834 2085 οὖν
855 2021 917 2103 τήν
934 2029 994 2085 τοῦ
1014 2020 1072 2085 δυ-

55 2128 156 2212 νάμει
179 2126 235 2192 καὶ
258 2135 318 2192 τοῦ
342 2126 492 2213 ἐνεργείᾳ
515 2127 682 2210 διαίρεσιν
703 2126 926 2210 ποιησάμενος
948 2125 967 2192 ὁ
986 2124 1072 2213 Ἀρι-

55 2232 225 2318 στοτέλης,
254 2232 304 2298 δτι
327 2231 405 2298 καθ’
428 2231 498 2310 ὶξιν
523 2235 608 2317 ἔχων
634 2234 674 2297 τὰ
696 2236 909 2319 θεωρήματα,
937 2230 1073 2298 ἐπειδὰν
1087 2257 1113 2306 ιε

56 2339 95 2406 ἐκ
116 2351 175 2425 τῆς
198 2339 295 2417 ἕξεως
316 2343 559 2425 προχειριξηται
587 2340 648 2422 τὴν
671 2337 856 2425 ἐνέργειαν,
884 2337 925 2404 ού
949 2336 992 2403 δι’
1016 2338 1071 2404 άλ-

57 2448 226 2524 λοιύσεως
244 2454 343 2512 τοῦτο
361 2444 531 2530 ὑπομένει,
550 2446 608 2510 διὰ
624 2456 693 2510 τῶν
711 2443 784 2529 ἑξῆς
802 2444 979 2530 ἐπήγαγεν·
1001 2443 1072 2528 “άμ-
1141 2504 1144 2511 .

56 2557 198 2639 φύτεροι
229 2549 291 2638 μὲν
323 2547 386 2618 οὖν
415 2553 448 2619 ολ
478 2552 626 2638 πρῶτοί,
660 2556 775 2635 φησίν,
806 2551 901 2618 (κατὰ
928 2552 1073 2634 δύναμιν

56 2659 286 2744 ἐπιστήμονες,
309 2657 380 2724 ἀλλ’
404 2658 422 2724 ὁ
445 2655 508 2742 μὲν
530 2658 588 2723 διὰ
605 2662 782 2742 μαθήσεως
800 2656 999 2733 άλλοιωδελς
1016 2655 1071 2722 καί

55 2767 218 2843 πολλάκις
245 2762 278 2842 ἐξ
307 2764 459 2841 ἐναντίας
485 2765 680 2849 μεταβαλὼν
702 2762 818 2842 ἕξεως.
864 2760 968 2847 ὁμὲν
989 2764 1072 2828 κατὰ
1085 2789 1111 2829 ιο

56 2873 119 2936 τὸν
149 2882 283 2958 πρῶτον
309 2874 449 2958 τρόπον,
482 2876 608 2956 φησίν,
632 2872 772 2954 δυνάμει
799 2873 976 2954 λεγόμενος
1003 2867 1072 2934 ἐπι-

56 2981 194 3063 στήμων
207 2981 335 3062 γίνεται
350 2977 499 3065 ἐνεργείᾳ
516 2976 715 3062 ἐπιστήμων,
733 2975 905 3042 τουτέστιν
922 2977 984 3060 τήν
1002 2973 1072 3052 ἐξιν

55 3094 115 3168 τῆς
139 3083 320 3168 ἐπιστήμης
342 3085 513 3169 λαμβάνει,
537 3084 593 3148 διὰ
615 3086 792 3167 μαθήσεως
815 3081 1025 3159 άλλοιωθείς·
1049 3081 1070 3165 ἡ

54 3193 122 3276 γὰρ
144 3191 292 3276 μάθησις
314 3189 491 3268 άλλοίωσίς
515 3189 619 3255 ἐστιν·
648 3188 689 3254 ὃν
717 3190 779 3273 γὰρ
803 3189 906 3270 λόγον
928 3190 993 3272 ἔχει
1018 3185 1071 3251 ἐπὶ

54 3306 119 3362 τοῦ
142 3294 404 3381 λευκαιυομένου
431 3296 687 3382 ἡΙλεύκανσις,
715 3303 837 3363 τοῦτον
863 3297 928 3379 ἔχει
954 3294 1014 3358 τὸν
1028 3308 1118 3353 tono:

56 3406 163 3486 λόγον
177 3401 231 3468 ἐπὶ
249 3412 310 3469 τοῦ
329 3405 377 3482 εἰς
395 3403 578 3489 ἐπιστήμην
595 3402 859 3486 μεταβάλλοντος
876 3400 897 3484 ἡ
915 3401 1070 3483 μάθησις.
1083 3426 1111 3467 ιε

54 3510 218 3587 πολλάκις
240 3508 288 3593 δέ,
312 3514 427 3595 φησίν,
450 3509 469 3575 ὁ
492 3517 644 3585 τοιοῦτος
666 3507 721 3573 καὶ
744 3505 777 3585 ἐξ
801 3506 953 3583 ἐναντίας
975 3503 1071 3583 ἕξεως

130 3706 155 3757 2.
175 3700 286 3766 εξδντος
303 3700 346 3769 Μς
369 3699 480 3767 ἐξόντος
498 3704 530 3770 pt
619 3708 644 3755 3.
664 3667 791 3772 βουλέται
810 3719 862 3768 την
882 3702 1022 3766 δεωρειαν
1040 3696 1070 3751 Μ

131 3813 156 3862 4.
176 3807 291 3862 κωλύσει
309 3811 334 3876 t;
353 3789 506 3877 κωλύοῗίμ
591 3813 614 3864 6,
635 3807 751 3867 κωλύσει
769 3810 803 3883 pt
895 3813 943 3864 Π.
963 3805 1001 3864 οἱ.
1015 3823 1061 3879 ρο.
1084 3852 1089 3860 .

47 3882 158 4015 2233
170 3944 207 3993 Μ
233 3883 274 3929 20·
290 3877 470 3946 μεταβάλοι
487 3884 529 3948 ιν,
548 3885 581 3936 ιε
668 3890 712 3944 ιε.
734 3881 993 3963 emmam-w
1006 3880 1104 3938 xxxx.-
