2394 4208
10 35 852 341 -
945 140 952 155 1

930 160 940 185 6

66 587 108 641 IV
122 591 148 641 8.
163 586 191 658 θ]
343 585 391 640 DE
409 584 668 642 ΑΕΤΕΒΝΙΤΑΤΕ
686 586 808 642 MVNDI
1040 587 1083 653 75

61 747 314 834 Ἀριστοτέλους
345 747 555 827 ἀποδείξεσιν
586 752 909 834 συνομολογούντων
940 754 1020 835 περί
1048 773 1084 815 τε

65 867 137 920 τῶν
158 856 334 942 διαφόρων
355 863 416 921 τοῦ
439 856 579 940 δυνάμει
602 855 737 922 καὶτοῦ
756 856 906 944 ἐνεργείᾳ
925 874 1084 941 σημαινο-

64 961 179 1047 μένων
201 960 256 1028 καὶ
281 961 332 1027 ὄτι
355 961 516 1046 οὐδεμίαν
535 960 715 1028 ἀλλοίωσιν
732 963 752 1047 ἢ
772 967 906 1047 κίνησιν
923 963 1082 1047 ὑπομένει

64 1071 104 1134 τὸ
129 1067 166 1134 ἐκ
188 1079 248 1154 τῆς
269 1065 367 1146 ἕξεως
388 1070 450 1152 τὴν
468 1067 639 1153 ἐνέργειαν
656 1073 958 1155 προχειριζόμενον,
981 1067 1083 1135 οὐδὲν

64 1177 198 1242 τούτων
221 1175 240 1241 ὁ
262 1178 451 1259 φιλόσοφος
474 1176 752 1259 λογισάμενος-
772 1181 879 1242 καίτοι
902 1200 940 1260 γε
959 1176 1021 1241 οὐκ
1040 1178 1083 1242 ἀν
1109 1203 1122 1244 ι

66 1306 120 1360 τις
151 1283 295 1366 ἄγνοιαν
326 1281 416 1368 αὐτῷ
444 1291 512 1346 τῶν
543 1283 706 1348 τοιούτων
732 1284 959 1368 θεωρημάτων
984 1301 1083 1366 προσ-

68 1390 188 1454 άτιτειν
201 1391 396 1473 τολμήσειεν
411 1425 464 1471 -,
487 1387 546 1453 ἕνα
565 1385 602 1453 δὲ
621 1390 748 1454 σκοπὸν
764 1389 909 1474 θέμενος
922 1390 959 1454 τὸ
977 1388 1084 1455 ὁπωσ-

67 1503 133 1560 οῦν
165 1504 206 1581 τῇ
236 1493 378 1582 ἀληθείη
407 1504 476 1558 τῶν
508 1493 586 1560 καθ’
613 1495 698 1580 ἡμᾶς
731 1500 856 1579 λογίων
889 1496 1084 1574 ἀνθοκλίζε-

67 1607 151 1668 σθαι
178 1601 225 1678 ὡς
253 1601 294 1684 δη
317 1602 401 1685 πρὸς
424 1599 583 1687 ἀπείρους
610 1611 678 1666 τῶν
704 1602 868 1666 τοιούτων
894 1601 979 1686 ἡμᾶς
1005 1605 1084 1678 τοὺς

67 1710 193 1790 λόγους
214 1708 416 1791 ποιούμενος
439 1705 476 1771 έν
498 1703 560 1791 μὲν
583 1715 629 1794 τῷ
651 1708 716 1791 πρὸ
740 1708 862 1772 τούτου
886 1709 973 1794 λόγῳ
994 1709 1083 1793 παρὰ
1098 1735 1124 1775 ιο

67 1815 132 1897 τὴν
163 1813 359 1898 ὁμωνυμίαν
389 1822 450 1878 τοῦ
483 1813 622 1897 δυνάμει
656 1812 711 1879 καὶ
742 1798 803 1879 τοῦ
841 1812 990 1898 ἐνεργείᾳ
1025 1815 1085 1878 τὸν

67 1920 323 2004 παραλογισμὸν
346 1917 565 2006 συνέρραψεν,
588 1919 750 2008 ἐντούτῳ
770 1917 806 1985 δέ
825 1921 1022 2003 τετόλμηκεν
1040 1921 1085 1984 ελ·

67 2035 159 2108 πελν,
186 2025 231 2104 ὡς
254 2026 305 2091 ὅτι
332 2027 370 2090 τὸ
397 2029 564 2111 πρότερον
587 2023 649 2110 μὲν
671 2029 714 2111 μὴ
738 2035 861 2092 ποιοῦν
882 2026 1025 2111 ὕστερον
1048 2023 1084 2091 δὲ

67 2140 196 2198 ποιοῦν
217 2130 406 2219 (τουτέστιν
427 2133 465 2197 τὸ
489 2131 525 2197 ἐκ
548 2143 606 2217 της
624 2131 721 2211 ἕξεως
738 2142 799 2199 τοῦ
817 2142 929 2198 ιτοιελν
946 2134 1007 2216 τὴν
1024 2141 1085 2198 τοῦ

68 2248 183 2304 ποιελν
200 2239 394 2325 προβάλλον
412 2236 597 2326 ἐνέργειαν)
611 2242 745 2322 κίνησιν
758 2237 813 2304 καί
827 2239 1014 2323 μεταβολὴν
1024 2235 1029 2325 Ι
1038 2255 1140 2298 romv-

68 2342 260 2431 (τουτέστιν
282 2342 477 2431 ἀλλοίωσιν)
503 2344 679 2429 ὑπομένει,
707 2342 752 2409 ἵν’
774 2345 881 2422 οὕτως
903 2345 1086 2430 συναγάγῃ,
1101 2373 1126 2413 ιε

69 2451 123 2516 ὅτι
145 2450 167 2535 ἢ
190 2457 358 2517 κινελσθαι
386 2453 423 2516 τὸ
446 2458 546 2517 θεῖον
567 2451 694 2535 ἀνάγκη
723 2448 911 2538 (τουτέστιν
933 2450 1087 2516 ἀλλοιοῦ-

68 2555 169 2644 σθαι)
192 2560 225 2641 ἧ,
248 2558 278 2622 ελ
300 2566 399 2623 τοῦτο
423 2555 592 2623 ἀδύνατον
614 2595 656 2605 -
681 2557 821 2643 οὐδεμία
843 2560 906 2643 γὰρ
930 2559 1019 2643 παρὰ
1041 2565 1087 2644 τῷ

69 2670 144 2751 θεῷ
166 2667 361 2749 παραλλαγή
384 2687 435 2741 τις
456 2662 477 2748 ἣ
500 2674 624 2749 τροπῆς
646 2663 865 2750 ἀποσκίασμα,
892 2665 936 2741 ὥς
958 2687 1024 2728 που
1047 2665 1089 2727 τά

71 2771 147 2855 λερά
169 2789 275 2854 φησιν
297 2773 395 2854 λόγια
418 2807 476 2854 -,
504 2768 537 2847 ἐξ
561 2769 674 2836 ἀιδίου
700 2772 760 2836 τὸν
782 2773 909 2855 κόσμον
931 2778 978 2857 τῷ
1001 2765 1087 2835 εἶναι
1102 2797 1130 2837 ιο

71 2885 134 2942 τοῦ
156 2882 245 2943 θεοῦ
266 2879 549 2960 συνυφίστασθαι.
595 2877 625 2941 ελ
653 2871 716 2942 οὖν
738 2879 783 2961 μη
807 2878 864 2942 διὰ
885 2878 1045 2960 κινήσεως
1067 2876 1088 2960 ἡ

74 2981 113 3047 έιι
133 2992 193 3068 τῆς
215 2980 312 3061 ἕξεως
335 2986 461 3067 γίνεται
485 2992 542 3068 τῆς
566 2982 734 3068 ἐνεργείας
756 2986 975 3070 προχείρισις,
999 2981 1088 3049 ἐνδέ-

72 3111 165 3174 χεται
192 3091 256 3174 ἀρα
283 3087 338 3154 καὶ
368 3096 429 3154 τοῦ
456 3095 542 3154 θεοῦ
570 3089 729 3173 ἀκινήτου
757 3090 863 3175 τιάντη
890 3087 945 3154 καλ
973 3088 1089 3175 ἀμετα-

70 3197 199 3280 βλήτου
222 3194 384 3280 μένοντος
409 3192 488 3260 ποτὲ
517 3192 579 3279 μέν
607 3190 693 3260 εἶναι
716 3196 776 3260 τὸν
801 3198 927 3281 κόσμον
949 3193 1028 3261 ποτε
1052 3193 1089 3261 δὲ

69 3303 119 3386 μὴ
142 3296 238 3367 εἶναι.
1103 3327 1130 3369 ιε

141 3405 192 3475 θ’.
210 3405 297 3473 Ἀλλ’
317 3407 409 3491 αὐτό,
428 3411 543 3492 φησίν,
561 3409 598 3472 τὸ
619 3406 730 3491 λέγειν
743 3409 908 3495 πρότερον
921 3411 965 3494 μη
979 3418 1090 3474 ποιεῖν

71 3511 280 3600 ὕστερονδὲ
306 3524 428 3598 ποιελν,
455 3512 628 3580 τουτέστιν
653 3516 817 3600 πρότερον
843 3512 905 3599 μὲν
931 3517 993 3599 τὴν
1021 3513 1090 3601 ἕξιν

72 3623 184 3705 μόνην
207 3623 296 3706 ἐχειν
317 3619 461 3705 ὕστερον
484 3617 521 3685 δὲ
543 3622 625 3704 μετὰ
647 3630 705 3704 τῆς
728 3618 824 3697 ἕξεως
846 3620 901 3686 καὶ
920 3623 981 3705 την
1000 3620 1090 3708 ἐνέρ-

74 3749 183 3811 γειιιν,
205 3728 244 3791 τὸ
265 3727 373 3812 πάντη
396 3726 623 3811 ἀμετάβλητον
646 3723 731 3791 εἶναι
754 3728 815 3791 τὸν
837 3729 922 3793 θεὸν
939 3727 1093 3816 ἀφαιρεί-

135 3954 175 3998 νν,
193 3949 285 4001 Iacob,
300 3954 324 4014 1,
340 3955 378 4002 17
448 3958 491 4007 22.
513 3973 701 4037 προγειρησις
722 3965 756 4026 Μ
836 3976 886 4031 24.
908 3951 1003 4030 2¹0⁸&
1018 3966 1061 4024 M.
