2348 4290
602 349 608 355 ι
623 347 634 356 ι
641 347 649 356 ι
657 348 784 361 nnn-ann·

79 536 154 616 vno]
304 545 355 602 οε
372 546 630 603 mmmm
648 548 769 604 MVNDI
981 552 1045 617 257

73 729 123 784 νας
139 708 184 776 καί
210 709 326 788 ἀιδίως
351 721 460 776 κινεῖν
486 712 523 776 τὸ
547 721 640 796 σῶμα
661 713 724 796 την
745 715 865 797 ψυίήν.
911 714 1047 797 οὐκοῦν,

73 813 98 877 εί
118 815 145 880 τὸ
167 825 284 882 κινοῦν
306 817 423 894 ἀιδίως
445 828 545 903 κινεῖ,
568 816 623 883 καὶ
646 819 684 883 τὸ
707 821 909 904 κινούμενον
932 821 1048 898 ἀιδίως

70 931 182 988 κινεῖται
207 923 263 989 καί
290 923 311 1008 ἡ
339 926 469 1008 κίνησις
495 924 604 1002 ἀίδιος
632 927 722 990 ἔσται
750 926 827 990 οὔτε
854 925 959 1011 ἀρχὴν
986 937 1046 991 τοῦ

71 1020 136 1093 εἶναι
159 1031 232 1096 οὕτε
259 1029 354 1109 τέλος
377 1033 507 1116 ἔχουσα,
552 1029 737 1114 σκοπητέον
759 1026 832 1116 οὖν,
856 1039 890 1096 εί
908 1057 958 1110 τις
980 1045 1047 1098 τῶν

69 1129 327 1222 ἀπηριθμημίνων
353 1140 517 1222 κινήσεων
545 1136 654 1215 ἀίδιός
678 1137 682 1221 Ι
707 1137 809 1202 ἐστιν·
843 1140 871 1202 εί
903 1141 966 1223 γὰρ
985 1157 1099 1200 σοιιοσι

67 1239 184 1325 μηδεμία
206 1249 255 1326 είη
280 1242 403 1327 ἀίδιος,
431 1239 570 1308 οὐδὲτὸ
594 1245 795 1326 κινούμενον
818 1244 933 1322 ἀιδίως
955 1269 1046 1329 κινη-
1074 1275 1086 1312 ι

65 1347 181 1427 θήσεται
212 1350 289 1414 οὔτε
322 1349 342 1434 ἡ
374 1358 515 1416 κινοῦσα
546 1351 635 1434 ψυχὴ
668 1350 783 1428 ἀιδίως
812 1355 949 1436 κινήσει.
995 1353 1046 1418 ὄτι

64 1445 112 1532 μὲν
135 1450 194 1520 οὖν
224 1457 301 1521 οὔτε
331 1454 460 1540 γένεσις
490 1458 566 1522 οότε
594 1458 710 1542 φθορά
738 1457 877 1542 οὐδεμία
904 1460 1047 1544 ἀναρχός

64 1555 135 1624 ἐστιν
155 1561 208 1628 καί
232 1562 455 1648 ἀτελεύτητος,
472 1563 571 1628 παντί
591 1564 707 1648 δῆλον·
729 1565 766 1630 τὸ
786 1566 848 1649 γὰρ
868 1568 1047 1649 γινόμενον

64 1668 99 1740 είς
116 1693 144 1733 τι
164 1669 267 1755 πέρας
288 1670 326 1734 τὸ
350 1664 440 1747 εἶδος
461 1672 615 1755 παύεται,
643 1661 718 1735 οἷον
740 1670 760 1754 ἡ
784 1681 842 1754 τῆς
865 1673 972 1749 οἰκίας
994 1671 1045 1755 γε’-
1062 1699 1086 1738 ιο

62 1790 134 1851 νεσις
155 1775 260 1861 ἀρχὴν
283 1771 345 1860 μὲν
367 1779 432 1861 ἔχει
455 1778 517 1861 την
539 1787 607 1841 τῶν
629 1773 806 1861 θεμελίων,
824 1776 925 1861 πέρας
948 1773 986 1842 δὲ
1008 1779 1044 1842 τὸ

62 1886 105 1960 της
123 1883 226 1959 οίκίας
249 1893 369 1967 σχῆμα·
402 1882 524 1967 ὁμοίως
546 1881 601 1947 καὶ
625 1881 678 1948 ἐπὶ
701 1893 768 1948 τῶν
791 1885 892 1967 φύσει
915 1882 1046 1966 γινομέ-

60 2004 113 2048 νων
133 1987 213 2073 ἀρχὴ
236 1985 299 2072 μὲν
320 1988 479 2072 γενέσεως
500 1989 520 2073 ἡ
544 1999 605 2054 τοῦ
629 1987 813 2075 σπέρματός
836 1989 927 2054 ἐστιν
949 2013 1046 2054 κατα-

61 2089 138 2177 βολή,
160 2094 262 2180 κέρας
285 2091 322 2160 δὲ
344 2095 364 2179 ἡ
387 2105 448 2160 τοῦ
472 2104 620 2180 φυσικοῦ
639 2096 751 2173 είδους
767 2099 948 2180 τελείωσις,
972 2087 1047 2160 οἷον

62 2196 83 2258 εί
103 2203 190 2286 τύχοι
219 2210 279 2266 τοῦ
303 2201 531 2287 ἀνθρωπείου·
564 2201 685 2286 ὁμοίως
709 2199 823 2267 δὲκαὶ
846 2203 883 2267 τὸ
907 2205 1047 2288 φθειρό-
1061 2229 1086 2270 ιι

62 2324 143 2380 μενον
161 2310 208 2385 είς
226 2307 328 2393 κέρας
346 2309 407 2391 την
426 2306 581 2393 στέρησιν
599 2307 653 2374 καὶ
672 2309 709 2373 τὸ
732 2309 776 2392 μὴ
800 2307 841 2373 ὂν
862 2313 1045 2395 καταλήγει.

62 2408 100 2473 καί
124 2414 178 2478 ἳνα
206 2417 380 2498 συντόμως
407 2421 503 2497 είκω,
531 2417 560 2479 εί
587 2415 607 2498 ἡ
635 2414 764 2497 γένεσις
791 2414 870 2493 ὁδός
897 2415 988 2481 ἐστιν
1011 2416 1046 2482 ἐκ

62 2527 105 2581 τοῦ
132 2523 174 2605 μὴ
208 2524 306 2598 ὄντος
336 2524 383 2599 είς
410 2522 447 2586 τὸ
476 2521 516 2586 ὄν
543 2519 597 2586 καὶ
624 2521 644 2605 ἡ
673 2523 790 2607 φθορὰ
818 2522 896 2601 ὁδὸς
923 2523 959 2589 ἐκ
986 2535 1045 2589 τοῦ

62 2619 137 2703 ὄντος
155 2630 202 2704 είς
221 2629 259 2692 τὸ
279 2629 322 2712 μὴ
343 2629 394 2712 ὄν,
412 2627 580 2693 ἀδύνατόν
599 2627 689 2693 ἐστιν
711 2627 844 2712 γένεσιν
865 2628 886 2713 ἢ
910 2633 1047 2717 φθορὰν

63 2725 186 2818 ἄναρχον
214 2730 300 2798 εἶναι
329 2732 384 2798 καὶ
412 2733 628 2818 ἀτελεύτητον
655 2734 901 2821 κερατουμένας
923 2737 988 2802 ὑπό
1012 2762 1047 2803 τε
1061 2763 1087 2802 εο

62 2845 106 2900 τοῦ
132 2843 228 2918 ὄντος
257 2838 312 2904 καὶ
341 2840 407 2906 ὑπὸ
438 2849 498 2906 τοῦ
531 2842 574 2925 μη
608 2843 713 2919 ὄντος.
759 2842 842 2908 ἀλλὰ
872 2844 939 2926 μην
968 2841 1048 2909 οὐδὲ

63 2935 265 3012 ἀλλοιοῦσθαί
281 2969 312 3010 τι
332 2946 448 3024 ἀιδίως
466 2946 645 3032 ἐνδέχεται·
669 2951 760 3013 ἔστιν
778 2950 841 3033 γὰρ
860 2948 915 3013 καί
935 2951 1047 3027 στάσις

62 3048 101 3114 σαί
121 3054 196 3138 ὄρος
220 3053 258 3118 ἐν
281 3063 352 3130 τοῖς
374 3054 565 3138 πράγμασιν
588 3052 643 3118 καὶ
667 3054 707 3118 οὐ
730 3051 807 3119 καθ’
832 3051 1048 3139 Ἡράκλειτον

62 3150 87 3216 ἓν
103 3164 227 3244 κινήσει
251 3161 292 3224 τά
314 3161 422 3224 πάντα
445 3159 548 3225 ἐστίν·
580 3161 681 3225 τιάίιν
703 3162 766 3246 γάρ
789 3158 843 3225 καί
866 3159 886 3243 ἡ
911 3160 1048 3226 ἀλλοίω-

61 3262 98 3339 ίις
116 3271 244 3350 κίνησις
269 3261 355 3331 οὖσα
376 3265 442 3331 ὑπὸ
467 3267 529 3332 δύο
553 3267 653 3331 είδῶν
675 3264 859 3351 περιέχεται
881 3275 942 3331 τοῦ
961 3289 996 3330 τε
1015 3265 1047 3344 ἐξ
1063 3293 1088 3334 ιε

60 3361 87 3431 εὖ
113 3373 165 3438 καί
195 3381 256 3438 τοῦ
288 3375 335 3449 εἰς
366 3372 398 3436 ὄ·
429 3363 503 3438 οἷον
532 3372 552 3456 ἡ
583 3374 758 3449 λεύκανσις
787 3371 865 3449 ὁδός
893 3372 985 3437 ἐστιν
1012 3373 1048 3438 ἐκ

60 3474 178 3556 ιίίανος
205 3477 259 3543 ἐπὶ
285 3480 322 3543 τὸ
347 3481 477 3561 λευκόν,
506 3477 558 3563 ἐφ’
586 3478 603 3544 δ
628 3481 809 3563 γενόμενον
831 3480 868 3545 τὸ
895 3478 1047 3544 ἀλλοιού-

60 3605 140 3649 ιενον
162 3585 218 3650 καί
242 3581 431 3650 λευκανθὲν
453 3587 581 3650 ἵσταται
605 3586 724 3651 λοιπὸν
747 3585 784 3650 ἐν
807 3587 922 3673 τούτῳ.
965 3585 1048 3651 ἀλλὰ

108 3783 132 3832 δ.
156 3781 189 3850 [μ
190 3779 221 3849 1η
223 3779 306 3846 δεμιιι
483 3783 524 3831 11.
547 3777 611 3833 fort
633 3776 771 3847 θεμελίων
798 3775 922 3852 <δέσιν>

60 3853 82 3902 3,
101 3855 141 3904 11
160 3848 303 3920 καταβολή
320 3848 410 3921 Kroll]
429 3849 547 3920 μεταβολ
583 3848 613 3902 Μ
671 3799 734 3903 μ15.
756 3855 797 3904 16.
821 3853 908 3920 φθειρ
909 3850 1051 3923 η,οημενον

60 3935 126 3988 ιω,
143 3920 175 3975 Μ
250 3925 290 3973 19.
311 3936 385 3974 εστιν
404 3870 586 3989 superant&
658 3923 737 3980 m
738 3922 801 4000 νΗο
757 3921 850 4000 ΗΜ

90 4017 507 4062 mmmmm
869 4024 905 4077 ss
