2394 4208
819 36 833 79 Τ

10 35 844 357 -

52 565 107 623 vn
121 566 167 641 ιι]
317 564 366 621 οε
383 564 641 621 mmmm
658 562 780 621 mm
991 563 1056 630 269

50 728 313 814 ἐπισκεψώμεθα
350 726 404 798 καλ
428 731 693 815 συγκεχωρήσθω
711 725 788 813 παρ’
811 727 915 812 ἡμῶν,
932 726 995 793 κάν
1013 729 1057 813 μὴ

50 845 153 903 τοῦτο
180 835 259 923 λέγῃ
283 835 436 919 Πλάτων,
463 834 553 922 αὐτῷ
575 832 626 922 τῷ
650 830 735 900 εἶναι
758 835 816 912 τὰς
838 835 973 918 λογικάς
995 845 1059 913 ψυ-

52 945 112 1029 χάς
139 940 363 1028 ἀπροαιρέτως
389 940 491 1026 ἀρχάς
519 937 604 1006 εἶναι
626 950 684 1025 τῆς
705 951 773 1005 τῶν
796 942 955 1025 σωμάτων
978 945 1059 1026 ζωῆς

49 1049 109 1117 καλ
140 1052 311 1134 κινήσεως·
341 1047 426 1132 λέγω
457 1049 497 1132 δὴ
529 1047 618 1135 αὐτῷ
648 1054 694 1135 τῷ
723 1043 807 1112 εἶναι
836 1048 912 1132 οὐχ,
945 1047 995 1113 ὅτι
1023 1047 1060 1113 ἐν

52 1157 161 1244 τούτῳ
188 1156 226 1220 τὸ
254 1151 340 1221 εἶναι
367 1153 421 1220 καλ
449 1156 509 1238 τὴν
536 1155 655 1219 οὐσίαν
683 1157 817 1238 ἔχουσιν
840 1154 874 1218 αλ
896 1153 999 1239 ψυχαὶ
1023 1153 1060 1219 ἐν
1087 1185 1099 1226 ⁶

54 1270 102 1352 τῷ
126 1259 225 1348 ἀρχαὶ
247 1257 332 1327 εἶναι
355 1264 515 1346 κινήσεως
537 1257 634 1347 (αὕτη
658 1260 720 1344 γὰρ
744 1260 807 1343 ἤδη
832 1259 1060 1345 ἐλήλεγκταιὴ

53 1369 230 1445 ὑπόθεσις·
261 1368 431 1433 ὑπόκειται
460 1364 497 1432 δὲ
524 1376 588 1433 νῦν
617 1366 697 1451 ἡμῖν
725 1364 795 1432 κατ’
825 1368 906 1431 ἀλλο
935 1364 997 1450 μὲν
1022 1369 1060 1432 τὸ

55 1470 144 1542 εἶναι
172 1476 259 1559 ἔχειν
285 1475 347 1558 τὴν
373 1478 495 1558 ψυχήν,
522 1471 592 1539 κατ’
620 1475 700 1538 ἄλλο
729 1469 766 1537 δὲ
788 1474 825 1537 τὸ
849 1473 953 1559 ἀρχὴν
976 1470 1062 1549 εἶναι

56 1577 248 1667 κινήσεως),
275 1578 346 1645 ἀλλ’
370 1581 435 1664 ὅτι,
458 1581 503 1657 ὡς
526 1579 544 1644 6
567 1578 906 1667 ἥλιοςιάπροαιρὲτως
928 1581 993 1664 ἅμα
1015 1588 1062 1668 τῷ

55 1697 205 1775 φανῆναι
234 1690 364 1771 φωτίζει
391 1684 448 1751 καί
474 1687 512 1750 τὸ
539 1694 606 1772 πῦρ
635 1687 701 1769 ἅμα
727 1693 774 1773 τῷ
800 1696 954 1772 παρεῖναι
983 1693 1062 1772 θερ·
1077 1717 1102 1756 ιι

53 1799 166 1881 μαίνει
190 1790 235 1878 (εἰ
256 1803 344 1879 παρῇ
367 1793 521 1876 δηλονότι
546 1794 586 1858 τδ
608 1795 852 1878 θερμαίνεσθαί
867 1815 902 1856 τε
920 1791 975 1857 καλ
994 1817 1064 1876 φω-

53 1904 205 1981 τίζεσθαι
237 1900 417 1984 δυνάμενα·
454 1899 495 1964 οὐ
528 1900 590 1985 γάρ
623 1898 660 1964 ἐν
691 1899 797 1987 τούτῳ
834 1899 989 1964 οὐσίωται
1025 1899 1063 1963 τὸ

55 2015 126 2092 πῦρ
154 2005 192 2071 ἐν
220 2013 266 2093 τῷ
292 2009 489 2092 θερμαίνειν
512 2001 591 2071 οὐδὲ
614 2005 632 2070 6
655 2006 749 2089 ἥλιος
772 2004 809 2070 ἐν
831 2013 877 2093 τῷ
900 2008 1064 2089 φωτίζειν,

55 2115 234 2198 παρόντων
264 2108 301 2178 δὲ
329 2123 397 2178 τῶν
427 2113 585 2177 δεκτικῶν
614 2111 837 2198 ἀπροαιρέτως
866 2115 998 2197 φωτίζει
1029 2135 1064 2176 τε

57 2218 116 2286 καὶ
133 2222 308 2306 θερμαίνει
324 2222 363 2284 τί
381 2241 415 2283 τε
433 2227 500 2305 πῦρ
519 2216 574 2283 καλ
594 2218 611 2284 6
634 2216 753 2304 ἥλιος),
776 2219 858 2283 κατά
879 2220 939 2283 τὸν
962 2217 1065 2283 αὐτὸν
1079 2245 1105 2287 ιε

58 2328 103 2410 δὴ
139 2328 263 2413 τρόπον
297 2325 488 2392 ὑποκείσθω
524 2323 579 2390 καλ
617 2316 667 2402 οἷς
702 2323 745 2390 ἀν
776 2325 796 2408 ἡ
829 2325 944 2409 λογικὴ
976 2327 1064 2409 ψυχὴ

58 2428 293 2517 παραγένηταί
321 2431 411 2518 αὐτῷ
446 2439 492 2520 τῷ
529 2427 614 2496 εἶναι
651 2430 842 2515 ἀβουλήτως
878 2432 962 2514 ζωὴν
998 2430 1066 2496 ἐτι-

60 2536 181 2623 φίρειν
206 2536 261 2603 καλ
288 2542 428 2621 κίνησιν.
473 2539 594 2602 τούτου
625 2533 662 2603 δὲ
692 2538 797 2615 οὕτως
826 2541 959 2622 ἔχοντος
988 2542 1068 2603 ποία

59 2642 205 2728 ἀνάγκη,
233 2645 262 2709 εί
288 2643 447 2728 ἀγένητος
474 2650 524 2728 εἴη
547 2643 568 2727 ἡ
591 2649 696 2729 ψυχή,
719 2643 881 2727 ἀγένητον
904 2639 1067 2709 εἶναικαὶ

60 2750 102 2814 τδ
122 2751 325 2834 κινούμενον
346 2748 401 2816 ὑπ’
425 2750 526 2834 αὐτῆς
548 2761 655 2834 σῶμα;
682 2749 737 2815 καλ
760 2751 822 2835 γὰρ
846 2751 883 2815 τὸ
908 2762 980 2833 φῶς
1002 2752 1067 2835 ἅμα
1082 2778 1107 2817 το

61 2862 111 2945 τῷ
136 2866 292 2941 παρεῖναι
318 2858 490 2940 κινητικόν
512 2856 603 2922 ε’στιν
624 2865 684 2921 τοῦ
709 2857 848 2941 δυνάμει
872 2858 1068 2941 διαφανοῦς,

60 2959 118 3028 καλ
142 2962 183 3028 οὐ
206 2963 337 3039 πάντως
359 2965 425 3048 ἅμα
447 2971 493 3051 τῷ
517 2959 662 3029 εἶναιτὸ
685 2972 758 3046 φῶς
780 2973 847 3028 πᾶν
869 2963 906 3028 τὸ
929 2964 1067 3047 δυνάμει

63 3064 227 3153 διαφανὲς
249 3070 505 3153 καταλάμπεται,
528 3069 611 3134 ἀλλὰ
635 3071 788 3153 δηλονότι
812 3069 849 3133 τὸ
873 3068 909 3134 ἐν
931 3068 1068 3156 ὑπάρξει

62 3173 107 3241 δν
132 3173 187 3240 καλ
215 3184 314 3240 τοῦτο
342 3175 383 3240 οὐ
410 3185 487 3258 πᾶν,
511 3175 594 3240 ἀλλὰ
616 3177 653 3240 τὸ
676 3177 737 3259 τὴν
759 3176 843 3261 πρὸς
865 3177 902 3240 τὸ
927 3180 1070 3260 φωτιζον

65 3280 179 3368 σχίσιν
206 3280 462 3366 ἀναδεχόμενον
490 3277 574 3368 ὑπὲρ
597 3292 661 3366 γῆν
684 3282 746 3366 γάρ
770 3283 868 3358 ὄντος
889 3291 950 3347 τοῦ
971 3282 1069 3365 ἡλίου
1084 3309 1109 3349 τι

62 3395 130 3465 πᾶς
159 3388 177 3453 6
207 3387 273 3452 ὑπὸ
301 3398 364 3471 γῆν
389 3389 393 3471 ί
419 3387 480 3473 ἀὴρ
508 3386 627 3473 καὶτὸ
650 3388 742 3474 ὕδωρ
767 3387 989 3474 ἐπιπροσθού-
1011 3405 1123 3447 tonosv.

62 3516 149 3580 μενα
170 3494 235 3559 ὑπὸ
258 3504 316 3577 τῆς
338 3504 398 3578 γῆς
420 3492 475 3559 καὶ
498 3496 558 3578 τὴν
581 3496 664 3581 πρὸς
686 3496 723 3558 τὸ
747 3498 890 3577 φωτιζον
914 3495 974 3560 οὐκ
993 3495 1070 3561 ἀνα-

65 3602 230 3686 δεχόμενα
252 3600 364 3683 σχέσιν
387 3601 547 3684 οὐδεμίαν
570 3599 606 3665 εἰι
629 3609 688 3666 τοῦ
707 3601 818 3683 φωτὸς
838 3606 921 3684 ίσχει
939 3606 1071 3686 κίνησιν

139 3834 163 3883 1.
184 3831 397 3896 επισιιεφομιθα
411 3829 444 3882 Μ
459 3832 504 3900 (cr.
522 3832 567 3902 pt)
640 3835 665 3886 4.
685 3828 753 3889 fort.
774 3829 846 3906 λέγω
865 3830 898 3888 δε
968 3837 1000 3887 Q.
1017 3815 1100 3899 αοςδιχ

55 3934 94 3985 Μ
151 3937 191 3982 10.
203 3936 243 3982 11.
258 3901 390 3998 θεάαινει
407 3935 441 3989 Μ
513 3945 558 3998 20.
578 3942 628 4017 [w
644 3976 678 3986 -·
697 3965 784 4021 οωμα
797 3942 922 4018 noum
