2394 4208
10 39 896 329 -ὲι-

59 567 123 621 xm
138 569 183 640 ιε]
323 567 372 622 DE
390 566 648 623 AETERMTATE
665 568 787 624 MVNDI
1000 568 1063 632 521

58 733 102 814 μή
132 727 216 795 εἶναι
245 731 280 796 ἐκ
307 733 435 797 τούτων
457 731 518 795 τὸν
540 730 686 818 οὐρανόν
708 728 780 817 (τῆς
802 732 866 817 γὰρ
884 729 1066 817 Ἀριστοτέ-

58 843 139 914 λους
167 835 338 923 διατριβῆς
366 837 383 902 6
414 835 657 925 Θεόφραστος),
686 835 741 902 καὶ
771 838 822 903 ὄτι
852 834 933 904 οὐδὲ
962 843 1065 902 οἴεται

59 944 77 1009 ὁ
107 953 167 1008 τοῦ
196 946 376 1021 Πλάτωνος
404 942 559 1028 ἐξηγητής
585 945 623 1008 τὸ
650 943 799 1029 πέμπτον
828 944 1065 1029 ἀποδεδεῖχθαι

58 1062 233 1134 στοιχεῖον,
269 1051 319 1115 ὅτι
352 1054 453 1135 ἔστιν,
484 1050 549 1116 ὑπὸ
580 1048 837 1136 Ἀριστοτέλους·
878 1051 971 1115 Ὅταν
1001 1052 1064 1137 γὰρ

58 1157 166 1222 ε’κεῑνο
190 1157 406 1243 παραστήσή,
429 1161 543 1241 φησίν,
567 1156 629 1222 ’ὅτι
653 1159 754 1241 ἔστιν,
772 1159 846 1222 τότε
863 1158 946 1245 πρὸς
963 1166 1066 1222 ταῦτα
1091 1183 1108 1226 ε

58 1264 266 1329 ἐνιστάσθω.
304 1263 469 1347 ἀναμέσον
492 1261 525 1329 6’
545 1263 667 1340 ὕδατός
690 1280 796 1347 φησιν
817 1262 872 1329 καὶ
891 1263 988 1351 ἀέρος
1005 1265 1066 1347 τήν

58 1371 192 1454 ἀτμίδα·
230 1370 308 1447 ὁδὸς
331 1371 393 1456 γάρ
412 1369 509 1434 ’ἐστιν
532 1369 614 1454 αὕτη
639 1367 671 1446 ἐξ
694 1369 816 1447 ὕδατος
839 1372 886 1447 εἰς
909 1369 989 1457 ἀέρα
1010 1368 1066 1434 καὶ

57 1476 91 1553 ἐξ
115 1475 211 1562 ἀέρος
233 1478 280 1554 εἰς
297 1477 403 1562 ὕδωρ·
426 1475 638 1561 πυκνουμένη
657 1472 719 1559 μὲν
736 1478 799 1562 γαρ
817 1476 910 1563 ὕδωρ
928 1480 1066 1560 γίνεται,

55 1583 247 1667 μανουμένη
280 1579 316 1648 δὲ
348 1583 421 1667 ἀήρ.
466 1586 558 1648 ἔστιν
589 1577 652 1648 οὖν
681 1583 701 1666 ἡ
734 1581 828 1667 ἀτμὶς
860 1581 1065 1668 ὀσφρήσεως·

58 1689 244 1775 ὀσφραντοὶ
273 1692 336 1774 γὰρ
365 1691 396 1755 οί
425 1689 522 1773 ἀτμοὶ
544 1687 766 1773 πεποιωμένοι
788 1711 858 1766 πως
879 1691 973 1765 ὄντες
995 1700 1067 1766 ταῖς
1080 1716 1110 1755 ιο

57 1797 263 1881 ὀσφρανταίς
290 1800 452 1879 ποιότησι.
497 1795 552 1860 καὶ
580 1795 647 1879 μετ’
676 1795 773 1878 ὀλίγα
799 1797 901 1860 πάλιν
924 1795 942 1860 6
966 1793 1066 1871 αὐτὸς

62 1906 191 1987 Ταῦρος
215 1901 363 1988 ἐπιφέρει
387 1901 441 1967 καὶ
465 1911 567 1967 ταῦτα
589 1903 720 1984 ζἔλαβεν
743 1903 805 1967 δύο
824 1903 909 1989 ἀκρα
926 1900 1066 1966 ἀντικεί-

55 2032 140 2093 μενα
164 2008 333 2092 ἀλλήλοις,
356 2018 423 2095 πῦρ
446 2006 501 2073 καὶ
524 2018 598 2092 γῆν,
620 2006 674 2072 καί
694 2017 795 2073 ταῦτα
813 2009 968 2090 βούλεται
987 2022 1066 2072 συν-

57 2118 199 2200 αρμόσαι
222 2117 381 2198 μεσότησί
402 2131 489 2179 τισιν
510 2113 677 2198 ἀνάλογον
696 2113 848 2199 ἐχούσαις
865 2112 950 2201 πρὸς
968 2113 1066 2198 ἀλίή·

57 2227 117 2298 λας
144 2219 199 2286 καὶ
226 2220 310 2305 πρὸς
337 2219 493 2307 έκάτερον
514 2231 583 2285 τῶν
605 2223 716 2306 ἀκρων
737 2218 793 2285 καὶ
815 2224 951 2304 τίθησιν
973 2221 1065 2306 ὕδωρ
1080 2246 1109 2288 ιε

56 2327 112 2392 καὶ
136 2327 216 2413 ἀέρα
238 2330 320 2392 κατὰ
342 2328 399 2403 τάς
420 2325 661 2412 προειρημένας
683 2328 842 2412 δυνάμεις
864 2329 904 2391 τὰ
930 2326 1013 2392 αὐτά
1031 2349 1066 2391 τε

56 2433 213 2517 ἀλλήλοις
236 2435 446 2499 συνάπτοντα
467 2431 523 2498 καὶ
545 2433 586 2498 τὰ
604 2435 688 2519 ἀκρα
706 2433 820 2510 αὐτοῖς
837 2432 892 2499 καὶ
912 2433 1067 2518 ἀλλήλοις

56 2543 161 2623 φησίν
184 2563 233 2624 τε,
263 2540 313 2605 ὅτι
338 2539 355 2604 6
378 2538 460 2616 θεὸς
483 2538 629 2627 ἐνμέσῳ
653 2550 721 2604 τῶν
743 2541 854 2625 ἀκρων
877 2549 937 2604 τοῦ
959 2537 1066 2625 πυρὸς

56 2645 112 2710 καὶ
135 2655 192 2729 τῆς
215 2656 274 2730 γῆς
297 2649 419 2730 ἔθηκεν
442 2645 521 2731 ἀέρα
542 2644 597 2710 καὶ
615 2646 707 2733 ὕδωρ
726 2644 781 2711 καὶ
800 2656 949 2730 συνήῦεν
967 2645 1066 2731 ἀλλή-

56 2759 143 2836 λοις,
172 2750 224 2836 ἐφ’
252 2754 333 2818 ὅσον
359 2749 402 2836 ήν
431 2754 587 2836 δυνατόν,
615 2753 781 2836 ἀνάλογον
804 2755 972 2838 συνδήσας
994 2764 1066 2829 ταῖς
1079 2780 1109 2819 ιο

54 2863 242 2945 μεσότησιν.
279 2858 409 2940 ἐγένετο
433 2853 496 2923 οὖν
519 2858 555 2923 ἐκ
577 2860 706 2924 τούτων
728 2858 901 2936 συντεθεὶς
925 2858 943 2925 6
967 2860 1065 2947 οὐρα-

55 2965 115 3043 νὸς
152 2965 254 3042 ἀπτὸς
290 2964 344 3029 καὶ
383 2964 514 3050 ὁρατός·
560 2964 595 3030 ἐκ
631 2976 699 3030 τῶν
735 2967 845 3050 ἄκρων
877 2968 995 3049 ἔλαβεν
1026 2968 1065 3030 τά

56 3073 215 3155 αἰσθητά,
239 3070 271 3148 ἐξ
296 3071 418 3156 ὁρατοῦ
441 3069 497 3135 καὶ
520 3070 626 3136 ἀπτοῦ
648 3070 704 3137 καὶ
727 3072 871 3159 ὁράσεως
893 3070 948 3137 καὶ
967 3072 1063 3156 ἀφής,

56 3174 106 3244 ὧν
134 3179 248 3263 ὅρασις
275 3174 337 3261 μὲν
363 3179 445 3242 κατὰ
472 3176 509 3242 τὸ
533 3187 616 3264 πῦρ,
639 3178 708 3263 ἁφή
733 3174 769 3243 66
792 3181 874 3243 κατὰ
896 3179 957 3262 τὴν
979 3178 1064 3262 μήν’.

121 3282 155 3347 Ὁ
182 3281 242 3367 μέν
271 3279 333 3348 οὖν
366 3288 495 3368 Ταῦρος
521 3293 631 3349 ταῦτα.
677 3282 731 3348 καί
760 3285 777 3349 6
803 3287 1001 3372 Πορφύριος
1028 3281 1107 3350 δέω

55 3390 93 3456 έν
122 3401 193 3466 τοῖς
220 3389 304 3477 πρὸς
331 3389 390 3454 τὸν
418 3380 567 3474 Τίμαιον
582 3391 816 3475 ὑπομνήμασιν
848 3389 1065 3476 ἐξηγούμενος

55 3499 96 3561 τὰ
118 3501 357 3581 προεκκείμενα
379 3501 483 3581 χωρία
505 3506 565 3561 τοῦ
590 3495 779 3584 Πάοήτωνος
802 3496 857 3562 καὶ
879 3500 986 3562 πολλὰ
1005 3514 1120 3555 fol-²1⁶¹·

54 3604 160 3669 εἰπὼν
192 3601 268 3687 περὶ
300 3612 360 3667 τοῦ
394 3602 428 3666 έκ
460 3614 527 3668 τῶν
558 3605 726 3689 τεσσάρων
753 3608 925 3688 στοιχείων
952 3607 1065 3688 μόνων

125 3872 147 3918 ῦ,
168 3865 258 3919 έκεῖνο
277 3871 335 3931 520,
352 3867 399 3938 22]
417 3886 526 3931 εκεινος
544 3867 575 3923 Μ
670 3875 717 3923 14.
735 3868 853 3940 ufflw,
870 3882 908 3917 ει
926 3860 1010 3926 νςἏ

43 3943 86 3988 15.
106 3935 272 4005 εκατερήοῖν,
293 3952 327 3989 ex
346 3957 375 4007 ω,
396 3938 429 3993 Μ
507 3947 551 3997 ⁶24.
574 3944 605 3999 δε
626 3944 676 4015 ηδε
697 3941 757 4015 ειη
773 3959 855 3996 ποια
870 3935 910 3987 ιο
