2394 4208
10 39 848 335 m

71 534 174 611 1x11]
340 534 389 590 ιω
407 534 664 591 mmm
681 534 803 590 mm
1015 534 1078 600 351

73 699 268 783 άναλῦεται,
297 697 332 762 έκ
354 699 476 764 τούτου
499 696 554 764 καὶ
576 700 638 783 τὴν
660 697 793 782 γένεσιν
816 701 919 784 ἔσχεν.
964 699 994 763 εἴ
1017 692 1081 764 οὖν

71 802 178 891 μηδὲν
207 816 275 870 τῶν
301 805 402 870 εἰδῶν
429 804 467 870 ἐν
493 815 533 892 τῇ
559 812 676 893 φθορᾷ
703 816 771 871 τῶν
792 805 994 893 πραγμάτων
1015 804 1079 888 ὕλη

71 915 215 997 γίνεται,
239 909 311 977 οὐδ’
334 910 377 976 δν
400 910 432 989 ἐξ
455 912 538 996 ὕλης
561 915 628 996 ἔχει
644 914 707 996 τὴν
724 911 871 996 γένεσιν
894 914 924 977 εἴ
942 914 1005 1000 γὰρ
1023 910 1079 976 καῖ

71 1016 201 1102 λέγεται
231 1017 251 1101 ἡ
281 1017 344 1101 ὕλη
375 1017 515 1102 δυνάμει
544 1013 630 1084 εἶναι
658 1020 698 1083 τά
727 1020 814 1102 εἴδη,
844 1017 914 1082 ἀλλ’
943 1019 1005 1104 οὐχ
1034 1019 1079 1096 ὡς

71 1125 154 1209 αὕτη
183 1133 285 1189 ταῦτα
310 1125 544 1207 βλαστάνουσα
570 1123 590 1208 ἣ
619 1126 667 1202 εἴς
688 1126 750 1208 τὴν
772 1135 839 1190 τῶν
862 1125 962 1190 εἰδῶν
984 1147 1079 1210 μετα·
1105 1152 1118 1194 ι

70 1229 257 1315 βαλλομένη
281 1232 387 1315 φύσιν
409 1230 646 1318 (ἀμετάβλητος
664 1233 727 1317 γάρ
747 1230 784 1296 έν
801 1242 871 1309 τοῖς
889 1230 1079 1316 γινομένοις

71 1335 176 1425 ἐστίν)
205 1335 276 1401 ἀλλ’
304 1338 348 1415 ὡς
375 1336 545 1422 ἐπιτηδεία
572 1333 657 1402 οὕσα
684 1340 731 1415 εἴς
758 1339 795 1402 τὸ
825 1336 862 1402 έν
891 1335 990 1424 ἑαυτῇ
1017 1339 1079 1422 τὴν

69 1442 214 1529 ὕπαρξιν
238 1444 349 1509 αὐτῶν
371 1443 626 1522 καταδέξασθαι·
649 1444 758 1530 ὥσπερ
783 1445 845 1530 γὰρ
869 1445 906 1508 τὸ
930 1469 1078 1530 γραμμα-

70 1561 162 1616 τεῖον
194 1551 231 1614 τὸ
264 1552 433 1636 άγραφον,
468 1544 490 1635 ᾗ
526 1568 631 1635 φησιν
662 1548 901 1637 Ἀριστοτέλης,
938 1549 1079 1635 δυνάμει

70 1654 162 1722 έστλν
189 1657 229 1721 τά
256 1655 294 1722 ἕν
321 1657 411 1744 αὐτῷ
438 1660 676 1743 γραφησόμενα
699 1658 870 1743 γράμματα
893 1655 955 1741 οὕχ
977 1656 1022 1733 ὡς
1045 1655 1078 1734 ἐξ
1092 1687 1118 1728 10

71 1763 176 1829 αὐτοῦ
199 1773 257 1847 της
279 1773 347 1827 τῶν
364 1765 565 1849 γραμμάτων
581 1766 831 1847 βλαστανούσης
849 1763 983 1847 φάσεως
1001 1763 1078 1827 οὕτε

70 1870 137 1954 μὴν
166 1871 214 1945 εἴς
241 1869 303 1953 τὴν
331 1879 399 1934 τῶν
428 1870 628 1956 γραμμάτων
658 1869 778 1935 οὐσίαν
809 1877 870 1934 τοῦ
902 1870 1025 1954 χάρτου
1055 1867 1077 1952 ἦ

69 1984 132 2041 τοῦ
159 1983 265 2061 κηροῦ
293 1976 556 2060 μεταβάλλοντος
586 1975 691 2061 (μένει
719 1977 782 2060 γάρ
810 1975 1031 2060 άμετάβλητος
1058 1974 1077 2040 δ

72 2083 193 2168 χάρτης
222 2079 278 2147 καλ
307 2081 326 2147 δ
356 2083 456 2167 κηρὸς
485 2093 553 2147 τῶν
579 2083 778 2168 γραμμάτων
806 2081 842 2146 ἐν
869 2082 959 2169 αὐτῷ
986 2105 1077 2165 γινο-

69 2186 193 2275 μένων)
221 2186 291 2252 ἀλλ’
320 2189 365 2265 ὡς
393 2188 584 2272 δυνάμενον
612 2187 649 2253 έν
671 2187 777 2275 ἑαυτῷ
800 2190 862 2272 τὴν
884 2198 952 2252 τῶν
973 2211 1076 2273 γραμ-
1089 2216 1116 2259 15

69 2294 184 2378 μάτων
213 2292 357 2379 ὕπαρξιν
385 2292 628 2371 καταδέξασθαι
657 2293 712 2359 καλ
741 2294 804 2359 οὐκ
833 2295 875 2358 ὕν
901 2317 952 2370 τις
978 2299 1077 2378 εἴποι,

69 2402 115 2478 ὥς
144 2399 177 2478 ἐξ
208 2401 305 2477 ὕντος
334 2409 394 2465 τοῦ
424 2402 546 2486 χάρτου
576 2399 596 2484 ἦ
625 2409 684 2466 τοῦ
712 2408 817 2486 κηροῦ
845 2402 905 2484 τὴν
933 2398 1077 2485 ὕπαρξιν

69 2510 140 2593 ἔχοι
164 2508 205 2571 τά
226 2508 410 2592 γράμματα,
437 2507 524 2573 οὕτω
552 2508 676 2592 δήπου,
704 2505 768 2571 κάν
794 2506 815 2590 ἡ
841 2507 905 2590 ὕλη
936 2507 1077 2591 δυνάμει

69 2610 156 2680 εἶναι
190 2616 231 2679 τά
261 2614 332 2698 εἴδη
363 2612 510 2698 λε’γηται,
540 2613 581 2679 οὐ
612 2614 668 2678 διὰ
697 2622 795 2679 τοῦτο
826 2611 858 2690 ἐξ
891 2614 988 2690 ὄντος
1018 2623 1077 2697 τῆς

68 2722 150 2805 ὕλης
179 2721 321 2804 εὕλογον
347 2722 388 2785 τὰ
415 2721 487 2804 εἴδη
511 2718 621 2804 λέγειν
643 2720 850 2804 ὑφίστασθαι
874 2716 959 2802 ἀλλ’,
982 2725 1074 2805 εἴπερ
1088 2750 1116 2790 ιο

68 2828 146 2912 ἄρα,
177 2825 214 2891 έν
244 2829 316 2892 ὄντι
347 2828 402 2892 διά
428 2829 465 2892 τὸ
493 2829 537 2911 μὴ
565 2825 749 2911 πεφυκέναι
777 2825 861 2891 αὐτὰ
887 2823 964 2890 καθ’
992 2826 1076 2891 αὑτά

68 2930 169 3017 χωρὶς
191 2931 412 3016 ὕποκειμένου
436 2933 649 3015 ὑφίστασθαι,
688 2930 972 3018 έναργέστερονδ
995 2933 1075 3017 ἡμῖν

67 3040 89 3123 ἡ
118 3040 236 3124 φθορά
264 3040 326 3122 τὴν
355 3036 526 3115 ἀπόδειξιν
554 3040 675 3104 τούτου
705 3043 918 3125 παρίστησιν·
954 3040 984 3104 εἴ
1011 3041 1073 3125 γάρ

69 3143 305 3231 φθειρομένων
327 3155 395 3209 τῶν
417 3146 617 3230 γραμμάτων
639 3147 683 3229 μὴ
705 3144 768 3228 ὕλη
788 3147 828 3209 τά
845 3145 917 3228 εἴδη
937 3149 1074 3230 γίνεται,

68 3253 225 3336 δηλονότι
248 3247 328 3316 οὐδὲ
351 3249 384 3328 ἐξ
406 3252 489 3336 ὕλης
511 3253 572 3337 τὴν
594 3252 779 3318 ὑπόστασιν
801 3256 952 3336 εἴληφεν
984 3254 1031 3330 εἴς
1054 3251 1114 3321 δω

68 3361 130 3444 γάρ
165 3358 185 3441 ἡ
219 3358 334 3441 φθορά
366 3360 508 3441 γίνεται,
545 3357 580 3423 ἐκ
611 3360 732 3424 τούτου
764 3357 819 3422 καῖ
850 3360 911 3442 τὴν
942 3357 1074 3443 γένεσιν

66 3463 192 3547 ἀνάγκη
212 3467 375 3547 γίνεσθαι.
413 3463 496 3528 ἀλλὰ
514 3465 555 3548 δὴ
579 3461 659 3530 οὐδὲ
681 3466 730 3541 εἴς
753 3462 866 3550 ἕτερον
889 3463 993 3553 μελτα·
1012 3483 1123 3526 rol-1⁴2*-

64 3573 197 3654 βαίνειν
219 3569 439 3656 ὑποκείμενον
461 3581 529 3636 τῶν
551 3594 586 3636 τε
609 3570 737 3637 ένύλων
755 3572 855 3636 εἰδῶν
874 3569 976 3638 οὐδὲν
994 3569 1073 3638 οὐδῖ

137 3840 162 3888 3.
180 3833 244 3888 fort.
265 3834 322 3905 ἔχοι
421 3840 443 3890 9.
465 3834 498 3889 οἴ.
518 3834 603 3891 Arist.
623 3834 724 3891 dean.
744 3838 768 3890 Γ
787 3840 980 3907 &mmm

64 3911 105 3957 1⁵·
125 3906 280 3970 δνναμεννε
295 3904 329 3957 Μ
434 3913 475 3963 18.
497 3907 601 3983 εγῖολι,
619 3926 656 3967 ex
677 3928 716 3983 ει,
732 3909 768 3965 M
