2394 4208
71 552 142 610 vm
156 554 184 626 1]
344 553 393 610 DE
411 554 667 608 AETERNITATE
686 554 807 610 MVNDI
1019 552 1082 616 297

72 721 264 803 φθείρεται,
288 715 320 796 ἐξ
344 713 385 784 οὗ
409 721 609 803 συιυῇγαγεν,
632 719 677 796 ὡς
700 719 762 784 οὐκ
785 717 828 784 άν
846 714 1001 805 ῳθαλρείη
1021 734 1137 775 sol-lm·

72 824 94 890 δ
120 827 242 908 κόσμος
266 825 322 889 διά
344 826 381 890 τὸ
405 822 510 910 μηδὲν
531 831 611 911 μήτε
630 825 761 904 ἔξωθεν
779 822 864 891 εἶναι
883 834 944 892 τοῦ
962 825 1086 902 παντὸς

73 935 157 1015 μήτε
185 929 375 1018 ἀλλότριον)
404 933 466 998 οὐκ
493 932 682 1018 ἀλλαχόθεν
710 931 885 1016 ἐλέγξομεν
911 932 931 1015 ἢ
961 931 1087 996 ἐκτῶν

74 1037 169 1124 αὐτῷ
200 1046 246 1125 τῷ
280 1041 423 1126 Πρόκλῳ
455 1042 535 1124 μετὰ
567 1050 624 1123 τῆς
657 1039 815 1122 ἀληθείας
850 1042 1086 1123 προωμολογη·

74 1143 196 1229 μένων.
241 1151 478 1231 παραθήσομαι
507 1143 543 1210 δὲ
571 1155 674 1210 ταῦτα
701 1153 760 1210 τοῦ
785 1147 943 1231 Πρόκλου
966 1147 1006 1209 τά
1029 1145 1086 1229 όή-
1113 1168 1127 1208 ι

74 1275 174 1335 ματα,
193 1252 275 1338 άπερ
294 1251 349 1317 καὶ
369 1251 405 1317 ἐν
423 1261 469 1340 τῳ
492 1251 573 1340 ἕκτῳ
597 1264 664 1317 τῶν
687 1255 877 1336 κεφαλαίων
899 1250 1086 1337 παρέθηκα·

78 1358 261 1435 Πλάτωνος
284 1361 347 1445 γάρ
371 1360 459 1424 άπαν
481 1361 518 1424 τὸ
542 1360 706 1442 αἰσθητὸν
729 1360 909 1442 γινόμενον
928 1353 1013 1423 εἶναι
1032 1356 1087 1422 καὶ

76 1464 311 1549 ἀπολλύμενον
334 1465 594 1551 ἀποφηναμένου
617 1464 672 1530 καὶ
695 1466 778 1551 πρὸς
800 1473 899 1529 τοῦτο
922 1473 982 1530 τοῦ
1001 1462 1087 1547 Ἀρι-

78 1570 257 1648 στοτέλους
290 1571 479 1657 ἐνστάντος,
513 1574 557 1650 ὡς
589 1572 651 1637 οὐκ
683 1568 807 1656 ἀληθὲς
839 1577 888 1654 είη
920 1569 995 1657 (τὸν
1024 1571 1087 1655 γάρ

77 1676 229 1762 οὐρανὸν
258 1677 312 1743 καὶ
342 1680 402 1743 τὸν
435 1679 515 1744 ὅλον
545 1681 673 1762 κόσμον
702 1677 866 1761 αἰσθητὸν
897 1678 977 1741 ὄντα
1008 1680 1088 1759 μήτε
1102 1700 1129 1739 ιο

77 1783 239 1868 γενέσθαι
261 1788 341 1868 μήτε
365 1782 602 1870 ἀπόλλυσθαι),
625 1794 664 1869 τῇ
689 1784 869 1860 Πλάτωνος
892 1782 909 1847 ὁ
935 1784 1089 1868 Πρόκλος

76 1892 323 1975 παριστάμενος
355 1890 434 1977 δόξη
466 1893 546 1974 μετδι
583 1893 747 1955 πλειόνων
784 1892 894 1954 άλλων
930 1887 986 1953 καὶ
1022 1899 1089 1953 τῶν

78 1996 171 2083 αὐτῷ
199 2005 245 2084 τῷ
269 1995 486 2081 Ἀριστοτέλει
514 1999 707 2062 δοκούντων
734 1998 857 2080 ταύτην
885 1999 1088 2079 συνίστησιν.

79 2105 175 2168 δοκεῖ
203 2100 239 2168 δὲ
264 2102 480 2188 Ἀριστοτέλει
508 2104 545 2168 τὸ
573 2100 678 2187 μηδὲν
707 2114 799 2187 σῶμα
827 2103 972 2186 δύναμιν
1002 2106 1090 2187 ἔχειν

79 2214 236 2295 ἄπειρον,
278 2210 361 2274 ἀλλὰ
399 2219 465 2274 πᾶν
501 2210 567 2275 ὑπὸ
604 2209 850 2297 πεπερασμένης
887 2210 1089 2273 διοικεῖσθαι
1104 2229 1130 2270 1⁵

79 2320 267 2402 δυνάμεως.
306 2316 337 2394 ἐξ
366 2311 406 2381 οὗ
436 2319 572 2401 συνάγει
601 2317 619 2382 ὁ
644 2320 813 2401 Πρόκλος,
841 2317 886 2392 ὡς
908 2325 975 2380 πᾶν
997 2325 1091 2400 σῶμα

80 2432 129 2511 τῷ
166 2426 277 2511 οἰκείῳ
314 2433 372 2507 τῆς
410 2425 542 2507 φύσεως
578 2427 665 2511 λόγῳ
703 2426 882 2507 γινόμενόν
914 2421 1005 2486 ἐστιν
1035 2421 1091 2486 καὶ

80 2531 315 2614 ἀπολλύμενον
334 2531 446 2595 διὰτὸ
465 2532 526 2613 τὴν
548 2530 798 2614 πεπερασμένην
817 2530 962 2612 δύναμιν
980 2534 1091 2613 ῳθαρ·

80 2639 145 2719 τὴν
172 2633 257 2702 εἶναι
287 2635 319 2712 ἐξ
348 2636 500 2720 ἀνάγκης.
547 2639 612 2720 ἔχει
640 2631 677 2699 δὲ
705 2637 744 2699 τά
773 2637 930 2719 Πρόκλου
960 2633 1013 2698 ἐπὶ
1040 2633 1091 2698 λε’-

80 2743 163 2822 ξεως
186 2738 259 2808 ὧδε.
1105 2763 1132 2802 ιο

152 2853 310 2935 Πρόκλου
339 2848 375 2914 ἐκ
402 2857 462 2913 τοῦ
489 2852 607 2932 λόγου,
637 2847 673 2925 ὃς
696 2847 929 2932 ἐπιγέγραπται
953 2846 1092 2912 ζίπίσκε-

80 2970 142 3034 ιρις
169 2968 236 3021 τῶν
264 2957 347 3041 πρὸς
369 2956 430 3019 τὸν
453 2957 634 3032 Πλάτωνος
661 2959 800 3038 Τίμαιον
827 2951 881 3019 ὑπ)
910 2951 1092 3036 Ἀριστοτί-

82 3069 165 3140 λους
191 3061 456 3147 άντειρημε’νων’.

152 3169 275 3234 ζΤοῦτο
303 3172 419 3232 τοίνυν
446 3169 552 3251 μόνον
575 3168 626 3232 δεῖ
649 3171 774 3251 λαβεῖν,
803 3168 831 3232 εί
855 3164 969 3231 καὶτὸ
994 3165 1092 3249 οὐρά-

82 3299 162 3341 νιον
187 3286 279 3358 σῶμα
303 3275 354 3338 δεῖ
377 3275 557 3356 γινόμενον
580 3273 754 3357 ὀνομάζειν
776 3272 831 3338 καὶ
854 3275 913 3337 τὸν
937 3272 1017 3337 όλον
1039 3274 1093 3336 κό-
1107 3293 1133 3335 ετ

83 3401 173 3466 σμον
206 3382 370 3457 ὡσαύτως.
424 3390 494 3456 πῶς
526 3377 562 3444 δὲ
596 3380 636 3445 οὐ
670 3381 721 3444 δεῖ
753 3378 808 3444 καί
840 3378 872 3457 ἐξ
910 3373 958 3443 ὧν
994 3377 1093 3454 αὐτὸς

83 3490 228 3554 δίδωσιν
256 3486 336 3570 ἡμῖν
359 3485 482 3551 οὑτωσὶ
506 3485 629 3569 λίγειν;
662 3482 763 3551 οὐδὲν
786 3486 849 3569 γάρ
874 3501 979 3568 φησιν
1001 3494 1094 3568 σῶμα

158 3722 181 3769 ὃ.
201 3718 372 3783 παροιθημαι
392 3714 420 3767 Μ
438 3716 486 3780 (cr.
505 3716 547 3782 pt)
629 3722 653 3769 6.
672 3731 736 3785 pag.
752 3718 843 3781 ‘238‚6
930 3709 1093 3783 παρέθηκα]

81 3790 249 3854 παρεθηκεν
268 3786 296 3838 Μ
370 3790 393 3839 7.
413 3784 485 3839 Plat.
506 3783 575 3838 Tim.
596 3785 660 3838 28A
733 3791 757 3839 8.
772 3791 797 3839 9.
818 3783 906 3838 Αῐὶεῖ.
924 3783 961 3838 δυ
979 3782 1107 3837 mxu

83 3864 120 3913 10
135 3876 173 3923 ιη.
256 3864 295 3908 13.
317 3856 480 3926 avuvltJM
560 3861 601 3914 18.
623 3857 826 3935 δυναμῖινλΠ
910 3857 1125 3918 ‘lx-ww&

72 3927 111 3979 Os·
123 3942 189 3990 ,1²¹²ss
206 3930 264 3989 2⁷38,
281 3930 448 3992 3—240,9
523 3935 565 3986 22.
587 3932 640 3990 τὸν
660 3952 717 3993 om.
738 3940 843 4007 mm
