2394 4208
102 577 242 650 1x9.10]
367 575 416 631 DE
433 575 691 632 ΑΕΤΕΒΝΙΤΑΤΕ
709 575 831 632 mm
1042 574 1107 641 3'41

101 740 205 824 μένου
235 742 326 817 τινὸς
355 741 417 824 την
448 740 691 825 δημιουργικὴν
722 737 840 825 ἑαυτῆς
873 734 1109 805 ἐνδείκνυσθαι

102 849 247 930 δύναμιν
270 845 353 911 ἀλλὰ
376 848 514 912 δεῖσθαι’
533 870 624 924 τινος
645 846 877 931 ὑποκειμένου,
901 848 949 923 είς
971 844 989 910 δ
1014 844 1109 931 ἐργά-

102 971 209 1036 σεται,
233 944 287 1018 οἷα
310 955 352 1037 δὴ
375 951 430 1018 καί
454 951 491 1019 ἐν
512 952 718 1042 ὑποκειμένῳ
742 954 780 1017 τὸ
804 948 890 1018 εἶναι
914 955 1036 1036 ἔχοντα
1053 949 1110 1016 καί

101 1059 202 1146 χωρὶς
233 1062 354 1124 τούτου
391 1062 471 1143 μήτε
508 1054 592 1124 εἶναι
629 1063 709 1143 μητε
744 1058 893 1144 ἐνεργεῖν
929 1056 1110 1141 δυναμένη,

102 1167 228 1250 ἀνάγκη
252 1176 354 1250 πᾶσα,
379 1172 469 1251 είπερ
492 1164 547 1231 καλ
571 1165 589 1230 ὁ
613 1168 694 1243 θεὸς
717 1167 914 1251 δημιουργεῖ
931 1163 987 1229 καὶ
1006 1166 1053 1242 εἰς
1071 1165 1108 1229 τὸ
1137 1190 1150 1231 τ

103 1268 188 1337 εἶναι
211 1274 351 1356 παράγει
375 1273 415 1337 τά
437 1274 532 1357 ὄντα,
556 1275 644 1356 ἔχειν
666 1295 698 1337 τι
720 1270 824 1336 πλέον
845 1273 906 1355 την
930 1271 1033 1336 αὐτοῦ
1053 1272 1110 1355 δη-

101 1381 281 1463 μιουργίαν
308 1388 367 1462 τῆς
394 1381 534 1462 φύσεως.
581 1374 683 1442 οὐδὲν
709 1376 739 1442 δ’
767 1377 809 1442 δν
837 1380 906 1462 ἔχοι
933 1377 1049 1461 πλέον,
1079 1379 1110 1443 ελ

101 1488 146 1569 μὴ
174 1486 311 1550 δύναιτο
340 1483 376 1548 ἐκ
403 1493 463 1549 τοῦ
488 1484 492 1572 λ
517 1485 650 1570 μηδαμῇ
677 1485 835 1568 μηδαμῶς
862 1485 959 1561 ὄντος
981 1485 1029 1561 είς
1051 1499 1164 1543 tonsor.

101 1591 139 1655 τὸ
160 1585 246 1656 εἶναι
264 1592 426 1676 παράγειν
444 1593 485 1655 τὰ
502 1593 676 1677 πράγματα
694 1589 778 1655 ἀλλὰ
800 1590 910 1656 δέοιτο
933 1590 987 1656 καὶ
1010 1590 1111 1667 αὐτὸς

103 1696 212 1783 ὥσπερ
244 1698 264 1781 ἡ
297 1696 392 1782 τέχνη
426 1720 460 1762 τε
492 1696 548 1762 καὶ
580 1698 600 1782 ἡ
634 1699 736 1782 φύσις
767 1695 988 1780 ὑποκειμένου
1018 1697 1110 1772 τινὸς
1124 1722 1151 1762 ιο

102 1804 389 1889 προϋπάρχοντος,
418 1802 454 1868 ἐν
477 1797 504 1891 ηδ
527 1805 588 1888 την
611 1805 854 1889 δημιουργικὴν
877 1800 998 1867 ἑαυτοῦ
1021 1800 1110 1886 ἐνέρ-

103 1932 198 1993 γειαν
234 1907 449 1993 ἐπιδείξηται,
486 1909 541 1974 καὶ
573 1907 656 1995 μηδὲ
688 1919 850 1975 τοσοῦτον
880 1909 1022 1995 ὑπερέχῃ
1054 1916 1112 1992 τῆς

103 2017 250 2099 φάσεως,
284 2016 365 2081 ὅσον
396 2027 454 2100 τῆς
485 2016 601 2101 τέχνης
631 2017 652 2100 ἡ
684 2018 795 2101 φύσις.
850 2018 879 2081 ελ
916 2010 993 2098 οὖν,
1030 2015 1111 2100 ὅπερ

103 2116 209 2207 εἶπον,
227 2122 434 2208 άουγκρίτοος
452 2122 625 2208 ὑπερίγειν
644 2124 695 2187 δεῖ
712 2133 771 2206 τῆς
789 2124 922 2207 φάσεως
939 2123 999 2188 τὸν
1017 2123 1111 2205 θεόν,

102 2229 123 2312 ἡ
152 2225 189 2293 δὲ
217 2230 320 2313 φύσις
348 2228 383 2293 ἐκ
410 2239 477 2294 τῶν
505 2231 613 2294 ὄντων
644 2230 681 2293 τὸ
713 2229 933 2313 ὑποκείμενον
963 2227 1018 2293 καὶ
1049 2229 1151 2313 τὴνιι

102 2334 189 2417 ὄλην
215 2337 364 2417 λαβοῦσα
391 2337 477 2419 μόνα
503 2336 544 2399 τά
573 2335 644 2418 είδη
668 2337 716 2412 είς
737 2337 775 2399 τὸ
800 2330 886 2400 εἶναι
909 2336 1111 2420 δημιουργη-

104 2457 189 2505 σασα
214 2441 370 2527 παράγει,
398 2441 524 2524 ἀνάγκη
551 2450 654 2524 πᾶσα,
682 2447 772 2528 είπερ
796 2466 827 2507 τι
850 2441 906 2506 καὶ
929 2441 947 2506 δ
970 2443 1052 2519 θεὸς
1075 2439 1112 2506 ἐκ

103 2555 164 2611 τοῦ
187 2549 231 2630 μὴ
256 2548 352 2624 ὄντος
376 2549 423 2624 είς
445 2549 482 2611 τὸ
507 2543 593 2612 εἶναι
615 2549 769 2633 παράγει,
793 2550 836 2632 μὴ
856 2551 963 2633 μόνον
979 2550 1019 2612 τά
1037 2548 1109 2631 είδη

103 2664 171 2717 τῶν
202 2653 521 2739 δημιουργουμὲνῶν
551 2653 634 2718 άλλά
670 2653 725 2718 καὶ
761 2654 842 2719 αὐτὸ
878 2655 1040 2740 παράγειν
1071 2653 1109 2718 τὸ

102 2760 324 2843 ὑποκείμενον
347 2760 408 2825 οὐκ
432 2759 473 2825 δν
494 2762 658 2846 πρότερον
680 2759 700 2843 ἦ
725 2757 826 2826 οὐδὲν
848 2759 913 2838 ἕξει
931 2759 1033 2826 πλέον
1051 2770 1109 2845 τῆς
1122 2784 1150 2825 ιο

104 2867 244 2950 φύσεως.
290 2866 429 2949 οὐδεμία
461 2867 525 2952 άρα
557 2865 698 2950 ἀνάγκη,
730 2867 839 2953 ὥσπερ
872 2877 939 2931 τῶν
966 2877 1110 2952 μερικῶν

102 2970 241 3037 ἕκαστον
259 2969 292 3049 ἐξ
312 2973 420 3037 ὄντων
437 2977 577 3056 γίνεται,
597 2972 684 3037 οὕτω
702 2971 813 3037 καὶτὸ
831 2982 909 3056 πᾶν,
928 2975 958 3038 ελ
981 2975 1109 3056 γίνοιτο

101 3077 168 3142 ὑπὸ
190 3084 286 3162 θεοῦ,
310 3081 346 3144 ἐκ
368 3101 460 3156 τινος
481 3080 646 3164 πρότερον
668 3080 764 3156 ὄντος
787 3083 950 3161 γίνεσθαι,

170 3183 204 3249 ι’.
232 3186 404 3270 Δεύτερον
429 3186 474 3269 εί,
502 3184 614 3269 ἐπειδὴ
642 3196 709 3249 τῶν
735 3196 880 3271 μερικῶν
907 3184 1046 3252 ἕκαστον
1076 3185 1109 3265 ἐξ

103 3292 201 3368 ὄντος
229 3296 368 3375 γίνεται,
397 3292 453 3356 διὰ
479 3301 578 3357 τοῦτο
605 3291 660 3357 καὶ
690 3292 727 3356 τὸ
755 3300 822 3356 πᾶν
849 3290 987 3377 ἀξιοῦσι,
1016 3298 1107 3379 εἴπερ
1122 3313 1148 3356 ετ

102 3402 247 3481 γίνοιτο,
275 3397 307 3476 ἐξ
334 3401 432 3475 ὄντος
459 3401 629 3482 γίνεσθαι,
656 3398 827 3483 πρόδηλον
855 3398 921 3482 ὄτι,
948 3400 1030 3485 άπερ
1055 3397 1109 3465 ἐπὶ

101 3516 169 3569 τῶν
192 3503 270 3569 καθ’
292 3503 430 3570 ἕκαστον
453 3507 642 3588 συμβαίνει,
664 3513 767 3570 ταῦτα
789 3503 844 3568 καλ
868 3503 921 3570 ἐπὶ
944 3514 1004 3570 τοῦ
1026 3528 1108 3572 παν-

102 3613 159 3687 τὸς
188 3613 384 3694 συμβαίνειν
412 3608 576 3687 ἀξιοῦσιν·
616 3608 692 3675 ὥστ’
721 3607 924 3693 ὁμοιοπαθὲς
956 3608 1042 3677 εἶναι
1069 3614 1107 3678 τὸ

173 3881 213 3928 14,
231 3892 297 3944 pag.
313 3879 373 3944 340,
389 3879 430 3929 λδ.
443 3880 477 3929 24
528 3879 571 3930 20.
595 3838 618 3947 λλ
636 3874 669 3930 Μ
718 3881 768 3933 23.
785 3872 929 3944 πρότεοον
948 3871 1149 3941 mm,

92 3945 154 4012 26)]
168 3963 306 4010 προτερον
323 3945 356 3998 Μ
1136 3973 1138 3975 »
