2394 4208
62 561 128 616 xm
141 567 167 618 ε.
181 561 211 635 ε]
326 559 376 616 ΒΕ
394 561 653 617 ΑΕΤΕΒΝΙΤΑΤΕ
671 561 794 619 mm
924 614 927 623 .
1005 563 1072 629 489

61 726 126 810 γάρ
148 735 207 809 τῆς
229 725 362 804 ἐννοίας
384 725 440 792 καί
464 725 482 791 6
507 726 651 791 Πλάτων
679 725 770 804 ἰδίας
792 721 879 793 εἶναι’
901 737 970 792 τῶν
991 728 1074 793 πάν-

60 855 129 897 των
151 831 305 898 ὑπέθετο.
897 842 900 847 ’

129 936 172 1022 γ’.
200 936 286 1004 Ἀλλ’
310 941 339 1005 εἰ
366 937 422 1005 καί
444 941 488 1024 μὴ
512 940 613 1023 φύσει
635 941 747 1028 κύκλῳ
769 951 909 1006 κινεῖται
933 940 951 1006 6
975 941 1076 1026 οὐρα·

62 1048 135 1128 νύς,
163 1050 278 1130 φησίν,
306 1044 376 1111 ἀλλ’
403 1046 470 1111 ὐπὸ
493 1056 611 1131 ψυχῆς,
633 1049 683 1124 τίς
706 1045 798 1111 ἐστιν
819 1047 840 1131 ἡ
864 1050 990 1132 φυσικὴ
1013 1056 1075 1115 τοῦ

62 1153 225 1237 οὐρανίου
256 1155 405 1237 σώματος
433 1156 577 1237 κίνησις;
618 1154 649 1217 εἰ
677 1153 741 1238 γάρ
769 1164 837 1218 τῶν
862 1154 870 1238 ἰ
892 1154 995 1220 εὐθυ-
1013 1171 1127 1213 romu.

62 1259 285 1343 φορουμένων
308 1258 401 1325 έστίν
422 1261 592 1344 σωμάτων,
614 1257 635 1342 ἣ
659 1261 728 1324 άνω
749 1258 771 1342 ἣ
790 1260 878 1325 κάτω
895 1265 1075 1346 κινηθήσε-
1102 1288 1115 1328 ι

61 1389 131 1449 ται,
161 1361 210 1431 ὧν
239 1364 393 1452 ἑκατέρας
422 1364 583 1452 ἐξῄρηται.
629 1365 728 1444 αὐτὸς
759 1366 840 1451 ἡμῖν
872 1366 891 1432 6
921 1370 1075 1453 Πρόκλος

61 1473 124 1556 τὴν
146 1475 303 1538 ἔνστασιν
324 1472 519 1538 ίπελύσατο·
543 1471 581 1538 ἐν
603 1474 665 1558 χδιρ
689 1481 736 1560 τῷ
760 1473 885 1562 δεκάτῳ
904 1476 992 1562 λόγῳ
1012 1499 1075 1560 φη·
1125 1533 1127 1537 ,

62 1581 130 1662 σίν,
157 1579 202 1656 ὡς
228 1581 291 1664 ἤδη
320 1583 478 1664 ἔγνωμεν,
504 1579 646 1644 ὅτιτῶν
668 1582 878 1665 τοῦκύσμου
902 1586 1076 1666 στοιχείων

61 1683 202 1751 ἕκαστον
224 1685 262 1751 ἐν
284 1694 330 1773 τῷ
354 1688 465 1774 οἰκείῳ
488 1688 579 1773 τόπῳ
601 1685 622 1769 ἢ
641 1686 733 1770 μένει
750 1685 772 1769 ἢ
790 1687 901 1775 κύκλῳ
919 1697 1075 1752 κινεῖται·
1090 1712 1116 1752 ιο

62 1791 149 1857 “τύτε
180 1794 242 1878 γάρ
273 1790 324 1858 ἐπ’
352 1792 488 1870 εὐθείας
514 1792 679 1876 κινεῖταί,
707 1796 822 1876 φησίν,
851 1792 944 1858 ’ὅταν
970 1794 1015 1877 μὴ
1039 1791 1076 1858 έν

62 1906 109 1986 τῷ
133 1900 244 1987 οἰκείῳ
266 1891 305 1984 ᾖ,
328 1899 479 1965 σπεῦδον
501 1900 549 1977 εἰς
572 1898 702 1964 ἐκεῖνον
725 1897 860 1966 έλθείν’.
906 1899 936 1964 εἰ
959 1902 1077 1965 τοίνυν

63 2004 101 2070 ἐν
128 2013 174 2093 τῳ
203 2008 314 2094 οἰκείῳ
342 2008 431 2095 τύπῳ
459 2006 610 2091 ὑπάρχον
637 2004 778 2071 ἕκαστον
803 2005 825 2089 ἢ
848 2005 940 2090 μένει
963 2005 1076 2089 άκίνη-

62 2135 124 2177 τον
151 2113 195 2189 ὡς
222 2112 242 2196 ἡ
270 2121 312 2197 μῆ
339 2112 360 2196 ἢ
388 2115 499 2200 κύκλῳ
527 2123 667 2178 κινεῖται
695 2111 750 2178 καί
778 2112 840 2178 οὐκ
868 2110 917 2177 ἐπ’
941 2112 1077 2190 εὐθείας

63 2219 109 2295 ὡς
136 2220 173 2284 τὸ
196 2219 391 2304 ὑπέκκαυμα
413 2219 468 2284 καί
493 2219 510 2285 6
533 2216 618 2305 ὑπὲρ
641 2221 700 2297 τὰς
721 2220 873 2305 κορυφάς
896 2230 963 2284 τῶν
986 2219 1076 2305 ὀρῶν
1091 2242 1116 2285 ιε

63 2324 141 2411 άηρ,
164 2324 304 2392 ἕκαστον
327 2323 365 2392 δὲ
387 2338 454 2392 τῶν
478 2325 653 2392 συνθέτων
676 2327 847 2412 σωμάτων,
870 2324 903 2404 ἐξ
927 2321 968 2392 οὐ
985 2330 1076 2392 πλεί-

63 2450 145 2498 στου
168 2433 293 2518 μετέχει
317 2437 495 2518 στοιχείου,
517 2433 578 2498 τδν
595 2432 726 2499 ἐκείνου
745 2435 849 2498 τύπον
866 2436 1076 2518 κατείληφεν,

63 2540 108 2616 ὡς
130 2540 171 2605 τά
192 2540 333 2626 ἡμέτερα
357 2542 491 2624 σώματα
514 2540 621 2624 γεώδη
647 2541 728 2606 ὄντα
751 2538 788 2604 ἰν
811 2547 857 2626 τῷ
876 2539 966 2628 αὐτῳ
985 2539 1077 2610 ἐστιν

63 2657 103 2733 τῇ
131 2657 173 2734 γῇ
200 2650 304 2735 τύπῳ,
333 2646 351 2712 6
379 2643 417 2712 δὲ
444 2647 589 2732 οὐρανὸς
616 2645 652 2711 ἐκ
678 2650 836 2711 πλείστου
866 2647 973 2733 πυρὸς
996 2664 1075 2712 συν-

64 2752 179 2837 έστηκε
205 2756 287 2818 κατά
316 2754 481 2818 Πλάτωνα
507 2751 563 2818 καί
590 2754 697 2838 πυρὸς
724 2761 784 2818 τοῦ
812 2753 1014 2819 λεπτοτάτου
1040 2777 1076 2819 τε
1090 2776 1117 2817 ιο

63 2859 120 2926 καί
143 2861 398 2945 καθαρωτάτου,
421 2867 467 2946 τῷ
486 2856 524 2925 δὲ
542 2857 624 2945 πυρί
642 2862 743 2936 τόπος
762 2857 853 2925 έστίν
870 2861 1077 2945 κατὰφύσιν

65 2967 84 3033 6
113 2965 270 3050 ἐξωτάτω,
299 2965 336 3031 έν
362 2968 469 3054 τούτῳ
498 2965 538 3031 δέ
563 2964 654 3031 ἐστιν
676 2964 731 3031 καί
755 2965 774 3032 6
797 2965 1033 3052 οὐρανός,καί
1057 2967 1075 3033 6

65 3073 209 3159 οὐρανὸς
232 3075 296 3158 άρα
318 3074 378 3138 τὸν
401 3074 526 3138 οἰκείον
548 3074 653 3137 τόπον
675 3075 875 3156 κατείληφεν
896 3071 952 3138 καί
969 3097 1076 3139 κατει-

64 3181 180 3264 ληφὼς
211 3181 321 3268 κύκλῳ
352 3190 501 3246 κινεῖται.
556 3185 621 3244 εῐτε
652 3180 716 3264 άρα
747 3178 813 3244 ὑπὸ
845 3189 954 3264 ψυχῆς
986 3180 1076 3267 αὐτῷ

64 3286 181 3371 ἐφήκει
208 3286 228 3370 ἡ
257 3287 366 3374 κύκλῳ
395 3289 540 3370 κίνησις,
563 3285 663 3362 αὐτὸς
686 3281 724 3350 δὲ
747 3283 908 3370 οὐδεμίαν
931 3285 995 3352 ἀπὸ
1018 3296 1076 3372 τῆς
1089 3311 1116 3352 τε

64 3391 186 3458 ἑαυτοῦ
209 3393 343 3476 φύσεως
365 3403 505 3458 κινείτω
528 3395 672 3476 κίνησιν,
689 3392 773 3456 κατὰ
791 3393 897 3474 φύσιν
920 3392 1076 3476 δηλονότι

62 3499 156 3583 μένει
174 3497 229 3564 καί
249 3499 290 3565 οὐ
308 3510 449 3565 κινείτω
468 3497 519 3564 έπ’
544 3498 679 3575 εὐθείας
702 3499 747 3575 ὡς
768 3498 829 3563 τὸν
852 3500 978 3564 οἰκείου
1000 3523 1075 3564 κατ-

64 3606 210 3689 ειληφὼς
236 3608 341 3671 τύπου
368 3603 423 3670 καί
450 3605 471 3689 ἡ
499 3609 629 3689 κίνησις
655 3605 676 3688 ἡ
700 3605 811 3692 κύκλῳ
834 3605 878 3682 ὡς
902 3603 971 3693 ζῴῳ
994 3606 1076 3670 κατὰ

138 3803 160 3852 7.
180 3819 229 3868 ημι
248 3797 277 3851 Μ
375 3803 400 3852 8.
410 3814 484 3890 μσς.
499 3802 560 3866 380,
575 3802 609 3850 20
709 3802 752 3851 11.
773 3797 846 3850 εὐθύ
865 3801 973 3861 am.
985 3803 1088 3856 mm

135 3875 175 3922 12.
196 3867 289 3939 οἰκείῳ
307 3866 383 3942 τόπῳ
402 3891 420 3942 η
439 3875 502 3939 380,
518 3874 554 3924 28
647 3875 695 3927 λδ.
714 3869 747 3935 εξ
758 3867 807 3936 6,
822 3868 1000 3934 mmmm

52 3943 95 3991 20.
113 3937 187 3992 Ρίιιί.
208 3938 277 3992 Tim.
298 3941 365 3994 4οΑ
462 3947 505 4000 21.
527 3948 569 4021 τῷ
588 3943 642 4018 pt]
656 3962 693 3999 το
709 3941 747 3997 M
