<?xml version="1.0" encoding="UTF-8"?>
<!DOCTYPE html PUBLIC "-//W3C//DTD XHTML 1.0 Transitional//EN"
    "http://www.w3.org/TR/xhtml1/DTD/xhtml1-transitional.dtd">
<html xmlns="http://www.w3.org/1999/xhtml" xml:lang="en" lang="en">
 <head>
  <title>
</title>
<meta http-equiv="Content-Type" content="text/html;charset=utf-8" />
  <meta name='ocr-system' content='tesseract 3.04.00' />
  <meta name='ocr-capabilities' content='ocr_page ocr_carea ocr_par ocr_line ocrx_word'/>
</head>
<body>
  <div class='ocr_page' id='page_1' title='image "./ioannesphilopon00philgoog_0516.png"; bbox 0 0 2394 4208; ppageno 0'>
   <div class='ocr_carea' id='block_1_1' title="bbox 44 248 62 257">
    <p class='ocr_par' dir='ltr' id='par_1_1' title="bbox 44 248 62 257">
     <span class='ocr_line' id='line_1_1' title="bbox 44 248 62 257; baseline -0.111 0"><span class='ocrx_word' id='word_1_1' title='bbox 44 248 62 257; x_wconf 68' lang='grc' dir='ltr'><strong><em>νε,</em></strong></span> 
     </span>
    </p>
   </div>
   <div class='ocr_carea' id='block_1_2' title="bbox 78 533 1086 610">
    <p class='ocr_par' dir='ltr' id='par_1_2' title="bbox 78 533 1086 610">
     <span class='ocr_line' id='line_1_2' title="bbox 78 533 1086 610; baseline 0.006 -19"><span class='ocrx_word' id='word_1_2' title='bbox 78 539 142 592; x_wconf 79' lang='lat' dir='ltr'><strong><em>xm</em></strong></span> <span class='ocrx_word' id='word_1_3' title='bbox 156 539 201 610; x_wconf 75' lang='grc' dir='ltr'><strong><em>ιν]</em></strong></span> <span class='ocrx_word' id='word_1_4' title='bbox 349 538 397 593; x_wconf 76' lang='lat' dir='ltr'><strong><em>DE</em></strong></span> <span class='ocrx_word' id='word_1_5' title='bbox 415 537 673 595; x_wconf 75' lang='lat' dir='ltr'>AETERNITATE</span> <span class='ocrx_word' id='word_1_6' title='bbox 691 536 812 592; x_wconf 79' lang='lat' dir='ltr'><strong>MVNDI</strong></span> <span class='ocrx_word' id='word_1_7' title='bbox 1020 533 1086 600; x_wconf 79' lang='lat'><strong><em>509</em></strong></span> 
     </span>
    </p>
   </div>
   <div class='ocr_carea' id='block_1_3' title="bbox 68 695 1136 3453">
    <p class='ocr_par' dir='ltr' id='par_1_3' title="bbox 68 695 1136 3453">
     <span class='ocr_line' id='line_1_3' title="bbox 68 695 1086 785; baseline -0.003 -20"><span class='ocrx_word' id='word_1_8' title='bbox 68 699 155 785; x_wconf 71' lang='grc' dir='ltr'><strong><em>ἕξει,</em></strong></span> <span class='ocrx_word' id='word_1_9' title='bbox 180 703 232 766; x_wconf 90' lang='grc' dir='ltr'><strong><em>δεῖ</em></strong></span> <span class='ocrx_word' id='word_1_10' title='bbox 255 700 307 783; x_wconf 88' lang='grc' dir='ltr'><strong><em>δέ,</em></strong></span> <span class='ocrx_word' id='word_1_11' title='bbox 331 703 361 766; x_wconf 84' lang='grc' dir='ltr'><strong><em>ελ</em></strong></span> <span class='ocrx_word' id='word_1_12' title='bbox 383 701 497 785; x_wconf 81' lang='grc' dir='ltr'><strong><em>μέλλοι</em></strong></span> <span class='ocrx_word' id='word_1_13' title='bbox 520 702 645 779; x_wconf 90' lang='grc' dir='ltr'><strong><em>τέλειος</em></strong></span> <span class='ocrx_word' id='word_1_14' title='bbox 664 704 786 777; x_wconf 82' lang='grc' dir='ltr'><strong><em>λκανῶς</em></strong></span> <span class='ocrx_word' id='word_1_15' title='bbox 805 695 899 765; x_wconf 76' lang='grc' dir='ltr'><strong><em>εἶναι.</em></strong></span> <span class='ocrx_word' id='word_1_16' title='bbox 936 697 980 763; x_wconf 92' lang='grc' dir='ltr'><strong><em>δι’</em></strong></span> <span class='ocrx_word' id='word_1_17' title='bbox 1005 697 1086 783; x_wconf 85' lang='grc' dir='ltr'><strong><em>έμοὺ</em></strong></span> 
     </span>
     <span class='ocr_line' id='line_1_4' title="bbox 74 805 1087 893; baseline -0.003 -21"><span class='ocrx_word' id='word_1_18' title='bbox 74 805 111 872; x_wconf 72' lang='grc' dir='ltr'><strong><em>δὲ</em></strong></span> <span class='ocrx_word' id='word_1_19' title='bbox 142 818 244 873; x_wconf 90' lang='grc' dir='ltr'><strong><em>ταῦτα</em></strong></span> <span class='ocrx_word' id='word_1_20' title='bbox 275 811 438 892; x_wconf 89' lang='grc' dir='ltr'><strong><em>γενόμενα</em></strong></span> <span class='ocrx_word' id='word_1_21' title='bbox 467 809 523 874; x_wconf 82' lang='grc' dir='ltr'><strong><em>καὶ</em></strong></span> <span class='ocrx_word' id='word_1_22' title='bbox 551 812 629 892; x_wconf 86' lang='grc' dir='ltr'><strong><em>βίον</em></strong></span> <span class='ocrx_word' id='word_1_23' title='bbox 660 810 863 893; x_wconf 81' lang='grc' dir='ltr'><strong><em>μετασχόντα</em></strong></span> <span class='ocrx_word' id='word_1_24' title='bbox 891 812 986 882; x_wconf 89' lang='grc' dir='ltr'><strong><em>θεοῖς</em></strong></span> <span class='ocrx_word' id='word_1_25' title='bbox 1016 806 1087 870; x_wconf 81' lang='grc' dir='ltr'><strong><em>ἰσά-</em></strong></span> 
     </span>
     <span class='ocr_line' id='line_1_5' title="bbox 76 909 1087 1000; baseline -0.002 -22"><span class='ocrx_word' id='word_1_26' title='bbox 76 918 162 994; x_wconf 82' lang='grc' dir='ltr'><strong><em>ζοιτο</em></strong></span> <span class='ocrx_word' id='word_1_27' title='bbox 186 916 236 978; x_wconf 83' lang='grc' dir='ltr'><strong><em>ἀν.</em></strong></span> <span class='ocrx_word' id='word_1_28' title='bbox 282 916 339 979; x_wconf 79' lang='grc' dir='ltr'><strong><em>ἵνα</em></strong></span> <span class='ocrx_word' id='word_1_29' title='bbox 361 909 425 980; x_wconf 86' lang='grc' dir='ltr'><strong><em>οὖν</em></strong></span> <span class='ocrx_word' id='word_1_30' title='bbox 447 917 557 1000; x_wconf 88' lang='grc' dir='ltr'><strong><em>θνητά</em></strong></span> <span class='ocrx_word' id='word_1_31' title='bbox 578 940 613 981; x_wconf 92' lang='grc' dir='ltr'><strong><em>τε</em></strong></span> <span class='ocrx_word' id='word_1_32' title='bbox 636 909 656 1000; x_wconf 79' lang='grc' dir='ltr'><strong><em>ᾗ</em></strong></span> <span class='ocrx_word' id='word_1_33' title='bbox 680 919 717 980; x_wconf 92' lang='grc' dir='ltr'><strong><em>τό</em></strong></span> <span class='ocrx_word' id='word_1_34' title='bbox 741 938 775 979; x_wconf 92' lang='grc' dir='ltr'><strong><em>τε</em></strong></span> <span class='ocrx_word' id='word_1_35' title='bbox 798 923 865 979; x_wconf 86' lang='grc' dir='ltr'><strong><em>πᾶν</em></strong></span> <span class='ocrx_word' id='word_1_36' title='bbox 887 914 963 978; x_wconf 89' lang='grc' dir='ltr'><strong><em>τόδε</em></strong></span> <span class='ocrx_word' id='word_1_37' title='bbox 983 913 1087 989; x_wconf 82' lang='grc' dir='ltr'><strong><em>ὄντως</em></strong></span> 
     </span>
     <span class='ocr_line' id='line_1_6' title="bbox 73 1014 1087 1106; baseline 0.001 -22"><span class='ocrx_word' id='word_1_38' title='bbox 73 1030 143 1085; x_wconf 80' lang='grc' dir='ltr'><strong><em>πᾶν</em></strong></span> <span class='ocrx_word' id='word_1_39' title='bbox 165 1014 200 1105; x_wconf 78' lang='grc' dir='ltr'><strong><em>ᾗ,</em></strong></span> <span class='ocrx_word' id='word_1_40' title='bbox 224 1019 387 1106; x_wconf 81' lang='grc' dir='ltr'><strong><em>τρέπεσθε</em></strong></span> <span class='ocrx_word' id='word_1_41' title='bbox 409 1024 491 1087; x_wconf 83' lang='grc' dir='ltr'><strong><em>κατὰ</em></strong></span> <span class='ocrx_word' id='word_1_42' title='bbox 514 1024 620 1106; x_wconf 84' lang='grc' dir='ltr'><strong><em>φύσιν</em></strong></span> <span class='ocrx_word' id='word_1_43' title='bbox 642 1023 737 1106; x_wconf 85' lang='grc' dir='ltr'><strong><em>ὑμεῖς</em></strong></span> <span class='ocrx_word' id='word_1_44' title='bbox 760 1020 813 1085; x_wconf 80' lang='grc' dir='ltr'><strong><em>ἐπὶ</em></strong></span> <span class='ocrx_word' id='word_1_45' title='bbox 836 1022 897 1103; x_wconf 79' lang='grc' dir='ltr'><strong><em>την</em></strong></span> <span class='ocrx_word' id='word_1_46' title='bbox 919 1031 986 1084; x_wconf 88' lang='grc' dir='ltr'><strong><em>τῶν</em></strong></span> <span class='ocrx_word' id='word_1_47' title='bbox 1003 1027 1087 1102; x_wconf 91' lang='grc' dir='ltr'><strong><em>θνη-</em></strong></span> 
     </span>
     <span class='ocr_line' id='line_1_7' title="bbox 75 1124 1127 1214; baseline -0.002 -24"><span class='ocrx_word' id='word_1_48' title='bbox 75 1139 144 1191; x_wconf 88' lang='grc' dir='ltr'><strong><em>τῶν</em></strong></span> <span class='ocrx_word' id='word_1_49' title='bbox 167 1124 260 1214; x_wconf 74' lang='grc' dir='ltr'><strong><em>ζῴων</em></strong></span> <span class='ocrx_word' id='word_1_50' title='bbox 284 1129 507 1212; x_wconf 77' lang='grc' dir='ltr'><strong><em>δημιουργίαν</em></strong></span> <span class='ocrx_word' id='word_1_51' title='bbox 529 1130 728 1213; x_wconf 86' lang='grc' dir='ltr'><strong><em>μιμούμενοι</em></strong></span> <span class='ocrx_word' id='word_1_52' title='bbox 752 1129 813 1210; x_wconf 85' lang='grc' dir='ltr'><strong><em>τὴν</em></strong></span> <span class='ocrx_word' id='word_1_53' title='bbox 837 1126 918 1210; x_wconf 81' lang='grc' dir='ltr'><strong><em>έμὴν</em></strong></span> <span class='ocrx_word' id='word_1_54' title='bbox 941 1126 1087 1209; x_wconf 88' lang='grc' dir='ltr'><strong><em>δύναμιν</em></strong></span> <span class='ocrx_word' id='word_1_55' title='bbox 1114 1146 1127 1186; x_wconf 78' lang='grc' dir='ltr'><strong><em>ο</em></strong></span> 
     </span>
     <span class='ocr_line' id='line_1_8' title="bbox 75 1231 1089 1320; baseline -0.002 -22"><span class='ocrx_word' id='word_1_56' title='bbox 75 1233 152 1318; x_wconf 83' lang='grc' dir='ltr'><strong><em>περὶ</em></strong></span> <span class='ocrx_word' id='word_1_57' title='bbox 181 1236 242 1317; x_wconf 80' lang='grc' dir='ltr'><strong><em>τὴν</em></strong></span> <span class='ocrx_word' id='word_1_58' title='bbox 269 1233 433 1320; x_wconf 76' lang='grc' dir='ltr'><strong><em>ὑμετέραν</em></strong></span> <span class='ocrx_word' id='word_1_59' title='bbox 460 1234 612 1318; x_wconf 87' lang='grc' dir='ltr'><strong><em>γένεσιν’.</em></strong></span> <span class='ocrx_word' id='word_1_60' title='bbox 659 1244 796 1298; x_wconf 77' lang='grc' dir='ltr'><strong><em>σκοπεῖν</em></strong></span> <span class='ocrx_word' id='word_1_61' title='bbox 823 1231 927 1316; x_wconf 84' lang='grc' dir='ltr'><strong><em>ἀξιον,</em></strong></span> <span class='ocrx_word' id='word_1_62' title='bbox 955 1233 999 1309; x_wconf 81' lang='grc' dir='ltr'><strong><em>ὡς</em></strong></span> <span class='ocrx_word' id='word_1_63' title='bbox 1022 1243 1089 1296; x_wconf 90' lang='grc' dir='ltr'><strong><em>τῶν</em></strong></span> 
     </span>
     <span class='ocr_line' id='line_1_9' title="bbox 76 1338 1090 1428; baseline -0.001 -24"><span class='ocrx_word' id='word_1_64' title='bbox 76 1348 214 1423; x_wconf 88' lang='grc' dir='ltr'><strong><em>θνητῶν</em></strong></span> <span class='ocrx_word' id='word_1_65' title='bbox 237 1338 330 1428; x_wconf 75' lang='grc' dir='ltr'><strong><em>ζῴων</em></strong></span> <span class='ocrx_word' id='word_1_66' title='bbox 347 1343 391 1425; x_wconf 81' lang='grc' dir='ltr'><strong><em>μὴ</em></strong></span> <span class='ocrx_word' id='word_1_67' title='bbox 411 1342 612 1425; x_wconf 89' lang='grc' dir='ltr'><strong><em>γενομένων,</em></strong></span> <span class='ocrx_word' id='word_1_68' title='bbox 631 1341 782 1426; x_wconf 78' lang='grc' dir='ltr'><strong><em>ἐνύδρων</em></strong></span> <span class='ocrx_word' id='word_1_69' title='bbox 800 1363 835 1404; x_wconf 93' lang='grc' dir='ltr'><strong><em>τε</em></strong></span> <span class='ocrx_word' id='word_1_70' title='bbox 853 1338 908 1405; x_wconf 85' lang='grc' dir='ltr'><strong><em>καὶ</em></strong></span> <span class='ocrx_word' id='word_1_71' title='bbox 927 1343 1090 1425; x_wconf 85' lang='grc' dir='ltr'><strong><em>χερσαίων</em></strong></span> 
     </span>
     <span class='ocr_line' id='line_1_10' title="bbox 76 1444 1090 1534; baseline -0.001 -23"><span class='ocrx_word' id='word_1_72' title='bbox 76 1446 131 1511; x_wconf 77' lang='grc' dir='ltr'><strong><em>καὶ</em></strong></span> <span class='ocrx_word' id='word_1_73' title='bbox 151 1447 273 1532; x_wconf 78' lang='grc' dir='ltr'><strong><em>ἀερίων</em></strong></span> <span class='ocrx_word' id='word_1_74' title='bbox 291 1446 410 1534; x_wconf 86' lang='grc' dir='ltr'><strong><em>(ταῦτα</em></strong></span> <span class='ocrx_word' id='word_1_75' title='bbox 432 1451 495 1532; x_wconf 83' lang='grc' dir='ltr'><strong><em>γὰρ</em></strong></span> <span class='ocrx_word' id='word_1_76' title='bbox 520 1447 608 1531; x_wconf 90' lang='grc' dir='ltr'><strong><em>λέγει</em></strong></span> <span class='ocrx_word' id='word_1_77' title='bbox 631 1452 706 1532; x_wconf 85' lang='grc' dir='ltr'><strong><em>τρία</em></strong></span> <span class='ocrx_word' id='word_1_78' title='bbox 728 1444 838 1533; x_wconf 80' lang='grc' dir='ltr'><strong><em>γένη),</em></strong></span> <span class='ocrx_word' id='word_1_79' title='bbox 860 1447 921 1510; x_wconf 88' lang='grc' dir='ltr'><strong><em>τὸν</em></strong></span> <span class='ocrx_word' id='word_1_80' title='bbox 943 1447 1090 1532; x_wconf 86' lang='grc' dir='ltr'><strong><em>οὐρανὸν</em></strong></span> 
     </span>
     <span class='ocr_line' id='line_1_11' title="bbox 80 1550 1090 1639; baseline -0.002 -21"><span class='ocrx_word' id='word_1_81' title='bbox 80 1550 170 1618; x_wconf 78' lang='grc' dir='ltr'><strong><em>εἶναί</em></strong></span> <span class='ocrx_word' id='word_1_82' title='bbox 195 1570 300 1637; x_wconf 85' lang='grc' dir='ltr'><strong><em>φησιν</em></strong></span> <span class='ocrx_word' id='word_1_83' title='bbox 328 1554 346 1619; x_wconf 94' lang='lat'><em>6</em></span> <span class='ocrx_word' id='word_1_84' title='bbox 372 1556 516 1620; x_wconf 78' lang='grc' dir='ltr'><strong><em>Πλάτων</em></strong></span> <span class='ocrx_word' id='word_1_85' title='bbox 539 1554 652 1638; x_wconf 74' lang='grc' dir='ltr'><strong><em>ἀτελῆ,</em></strong></span> <span class='ocrx_word' id='word_1_86' title='bbox 680 1554 827 1639; x_wconf 88' lang='grc' dir='ltr'><strong><em>οὐρανὸν</em></strong></span> <span class='ocrx_word' id='word_1_87' title='bbox 851 1555 1008 1636; x_wconf 79' lang='grc' dir='ltr'><strong><em>συνήθως</em></strong></span> <span class='ocrx_word' id='word_1_88' title='bbox 1030 1554 1090 1616; x_wconf 87' lang='grc' dir='ltr'><strong><em>τὸν</em></strong></span> 
     </span>
     <span class='ocr_line' id='line_1_12' title="bbox 75 1655 1131 1748; baseline -0.004 -23"><span class='ocrx_word' id='word_1_89' title='bbox 75 1662 206 1744; x_wconf 83' lang='grc' dir='ltr'><strong><em>κόσμον</em></strong></span> <span class='ocrx_word' id='word_1_90' title='bbox 235 1665 360 1725; x_wconf 87' lang='grc' dir='ltr'><strong><em>καλῶν·</em></strong></span> <span class='ocrx_word' id='word_1_91' title='bbox 401 1663 488 1726; x_wconf 89' lang='grc' dir='ltr'><strong><em>οὑτω</em></strong></span> <span class='ocrx_word' id='word_1_92' title='bbox 520 1663 582 1748; x_wconf 82' lang='grc' dir='ltr'><strong><em>γὰρ</em></strong></span> <span class='ocrx_word' id='word_1_93' title='bbox 612 1659 666 1725; x_wconf 79' lang='grc' dir='ltr'><strong><em>καὶ</em></strong></span> <span class='ocrx_word' id='word_1_94' title='bbox 696 1659 732 1725; x_wconf 87' lang='grc' dir='ltr'><strong><em>έν</em></strong></span> <span class='ocrx_word' id='word_1_95' title='bbox 760 1660 843 1746; x_wconf 75' lang='grc' dir='ltr'><strong><em>ἀρχῇ</em></strong></span> <span class='ocrx_word' id='word_1_96' title='bbox 871 1655 962 1724; x_wconf 83' lang='grc' dir='ltr'><strong><em>εἶπεν</em></strong></span> <span class='ocrx_word' id='word_1_97' title='bbox 990 1659 1020 1723; x_wconf 75' lang='lat'><strong><em>‘6</em></strong></span> <span class='ocrx_word' id='word_1_98' title='bbox 1048 1661 1089 1743; x_wconf 85' lang='grc' dir='ltr'><strong><em>δὴ</em></strong></span> <span class='ocrx_word' id='word_1_99' title='bbox 1104 1681 1131 1721; x_wconf 78' lang='grc' dir='ltr'><strong><em>ιο</em></strong></span> 
     </span>
     <span class='ocr_line' id='line_1_13' title="bbox 78 1761 1091 1852; baseline -0.003 -20"><span class='ocrx_word' id='word_1_100' title='bbox 78 1777 142 1843; x_wconf 83' lang='grc' dir='ltr'><strong><em>πᾶς</em></strong></span> <span class='ocrx_word' id='word_1_101' title='bbox 165 1768 309 1852; x_wconf 87' lang='grc' dir='ltr'><strong><em>οὐρανὸς</em></strong></span> <span class='ocrx_word' id='word_1_102' title='bbox 332 1767 352 1851; x_wconf 78' lang='grc' dir='ltr'>ἢ</span> <span class='ocrx_word' id='word_1_103' title='bbox 376 1771 499 1851; x_wconf 84' lang='grc' dir='ltr'><strong><em>κόσμος</em></strong></span> <span class='ocrx_word' id='word_1_104' title='bbox 521 1767 542 1851; x_wconf 80' lang='grc' dir='ltr'><em>ἢ</em></span> <span class='ocrx_word' id='word_1_105' title='bbox 566 1765 621 1832; x_wconf 78' lang='grc' dir='ltr'><strong><em>καὶ</em></strong></span> <span class='ocrx_word' id='word_1_106' title='bbox 644 1769 742 1849; x_wconf 83' lang='grc' dir='ltr'><strong><em>ἀλλο,</em></strong></span> <span class='ocrx_word' id='word_1_107' title='bbox 766 1766 817 1830; x_wconf 83' lang='grc' dir='ltr'><strong><em>ὅτι</em></strong></span> <span class='ocrx_word' id='word_1_108' title='bbox 835 1761 915 1830; x_wconf 71' lang='grc' dir='ltr'><strong><em>ποτὲ</em></strong></span> <span class='ocrx_word' id='word_1_109' title='bbox 934 1764 1057 1848; x_wconf 80' lang='grc' dir='ltr'><strong><em>ὀνομαζ</em></strong></span> <span class='ocrx_word' id='word_1_110' title='bbox 1077 1801 1091 1808; x_wconf 93' lang='grc'><strong>-</strong></span> 
     </span>
     <span class='ocr_line' id='line_1_14' title="bbox 75 1870 1090 1958; baseline -0.002 -20"><span class='ocrx_word' id='word_1_111' title='bbox 75 1898 178 1958; x_wconf 85' lang='grc' dir='ltr'><strong><em>μενος</em></strong></span> <span class='ocrx_word' id='word_1_112' title='bbox 200 1875 342 1958; x_wconf 80' lang='grc' dir='ltr'><strong><em>μάλιστα</em></strong></span> <span class='ocrx_word' id='word_1_113' title='bbox 365 1873 407 1939; x_wconf 85' lang='grc' dir='ltr'><strong><em>ἀν</em></strong></span> <span class='ocrx_word' id='word_1_114' title='bbox 431 1874 571 1958; x_wconf 83' lang='grc' dir='ltr'><strong><em>δέχοιτο,</em></strong></span> <span class='ocrx_word' id='word_1_115' title='bbox 592 1883 691 1938; x_wconf 86' lang='grc' dir='ltr'><strong><em>τοῦτο</em></strong></span> <span class='ocrx_word' id='word_1_116' title='bbox 714 1873 794 1957; x_wconf 83' lang='grc' dir='ltr'><strong><em>ἡμῖν</em></strong></span> <span class='ocrx_word' id='word_1_117' title='bbox 817 1871 1018 1956; x_wconf 80' lang='grc' dir='ltr'><strong><em>ὠνομάσθω’</em></strong></span> <span class='ocrx_word' id='word_1_118' title='bbox 1035 1870 1090 1936; x_wconf 83' lang='grc' dir='ltr'><strong><em>καὶ</em></strong></span> 
     </span>
     <span class='ocr_line' id='line_1_15' title="bbox 79 1979 1091 2068; baseline -0.003 -23"><span class='ocrx_word' id='word_1_119' title='bbox 79 1981 117 2045; x_wconf 91' lang='grc' dir='ltr'><strong><em>έν</em></strong></span> <span class='ocrx_word' id='word_1_120' title='bbox 144 1986 304 2068; x_wconf 80' lang='grc' dir='ltr'><strong><em>πολιτικῷ</em></strong></span> <span class='ocrx_word' id='word_1_121' title='bbox 331 1982 433 2046; x_wconf 83' lang='grc' dir='ltr'><strong><em>πάλιν</em></strong></span> <span class='ocrx_word' id='word_1_122' title='bbox 460 1980 513 2046; x_wconf 55' lang='grc' dir='ltr'><strong><em>ιὃν</em></strong></span> <span class='ocrx_word' id='word_1_123' title='bbox 541 1982 581 2064; x_wconf 81' lang='grc' dir='ltr'><strong><em>δὴ</em></strong></span> <span class='ocrx_word' id='word_1_124' title='bbox 606 1980 753 2064; x_wconf 88' lang='grc' dir='ltr'><strong><em>οὐρανὸν</em></strong></span> <span class='ocrx_word' id='word_1_125' title='bbox 775 1979 795 2063; x_wconf 74' lang='grc' dir='ltr'><em>ἢ</em></span> <span class='ocrx_word' id='word_1_126' title='bbox 818 1982 946 2063; x_wconf 84' lang='grc' dir='ltr'><strong><em>κόσμον</em></strong></span> <span class='ocrx_word' id='word_1_127' title='bbox 968 1979 1091 2043; x_wconf 87' lang='grc' dir='ltr'><strong><em>ε’πωνο-</em></strong></span> 
     </span>
     <span class='ocr_line' id='line_1_16' title="bbox 80 2079 1093 2173; baseline -0.004 -22"><span class='ocrx_word' id='word_1_128' title='bbox 80 2088 250 2172; x_wconf 86' lang='grc' dir='ltr'><strong><em>μάκαμεν’.</em></strong></span> <span class='ocrx_word' id='word_1_129' title='bbox 297 2090 327 2153; x_wconf 82' lang='grc' dir='ltr'><strong><em>εἰ</em></strong></span> <span class='ocrx_word' id='word_1_130' title='bbox 359 2083 423 2153; x_wconf 91' lang='grc' dir='ltr'><strong><em>οὑν</em></strong></span> <span class='ocrx_word' id='word_1_131' title='bbox 453 2088 581 2152; x_wconf 91' lang='grc' dir='ltr'><strong><em>τέλειον</em></strong></span> <span class='ocrx_word' id='word_1_132' title='bbox 612 2087 673 2172; x_wconf 89' lang='grc' dir='ltr'><strong><em>μέν</em></strong></span> <span class='ocrx_word' id='word_1_133' title='bbox 706 2086 806 2170; x_wconf 81' lang='grc' dir='ltr'><strong><em>ἐστιν,</em></strong></span> <span class='ocrx_word' id='word_1_134' title='bbox 836 2079 862 2173; x_wconf 74' lang='grc' dir='ltr'><strong><em>ςδ</em></strong></span> <span class='ocrx_word' id='word_1_135' title='bbox 892 2082 997 2169; x_wconf 75' lang='grc' dir='ltr'><strong><em>μηδὲν</em></strong></span> <span class='ocrx_word' id='word_1_136' title='bbox 1025 2095 1093 2150; x_wconf 88' lang='grc' dir='ltr'><strong><em>τῶν</em></strong></span> 
     </span>
     <span class='ocr_line' id='line_1_17' title="bbox 81 2189 1132 2279; baseline 0.002 -21"><span class='ocrx_word' id='word_1_137' title='bbox 81 2205 193 2279; x_wconf 84' lang='grc' dir='ltr'><strong><em>μερῶν</em></strong></span> <span class='ocrx_word' id='word_1_138' title='bbox 225 2194 382 2278; x_wconf 82' lang='grc' dir='ltr'><strong><em>ἐλλείπει,</em></strong></span> <span class='ocrx_word' id='word_1_139' title='bbox 416 2194 633 2259; x_wconf 80' lang='grc' dir='ltr'><strong><em>ἐλλειπόντων</em></strong></span> <span class='ocrx_word' id='word_1_140' title='bbox 665 2190 703 2257; x_wconf 71' lang='grc' dir='ltr'><strong><em>δὲ</em></strong></span> <span class='ocrx_word' id='word_1_141' title='bbox 733 2204 801 2257; x_wconf 91' lang='grc' dir='ltr'><strong><em>τῶν</em></strong></span> <span class='ocrx_word' id='word_1_142' title='bbox 832 2199 968 2276; x_wconf 78' lang='grc' dir='ltr'><strong><em>θνητῶν</em></strong></span> <span class='ocrx_word' id='word_1_143' title='bbox 1001 2189 1093 2279; x_wconf 75' lang='grc' dir='ltr'><strong><em>ζῴων</em></strong></span> <span class='ocrx_word' id='word_1_144' title='bbox 1107 2219 1132 2260; x_wconf 86' lang='lat'><strong><em>15</em></strong></span> 
     </span>
     <span class='ocr_line' id='line_1_18' title="bbox 83 2297 1092 2386; baseline -0.002 -22"><span class='ocrx_word' id='word_1_145' title='bbox 83 2301 199 2384; x_wconf 83' lang='grc' dir='ltr'><strong><em>ἀτελὴς</em></strong></span> <span class='ocrx_word' id='word_1_146' title='bbox 218 2300 235 2365; x_wconf 92' lang='lat'><em>6</em></span> <span class='ocrx_word' id='word_1_147' title='bbox 255 2304 393 2384; x_wconf 89' lang='grc' dir='ltr'><strong><em>κόσμος,</em></strong></span> <span class='ocrx_word' id='word_1_148' title='bbox 412 2300 493 2385; x_wconf 86' lang='grc' dir='ltr'><strong><em>μέρη</em></strong></span> <span class='ocrx_word' id='word_1_149' title='bbox 514 2302 578 2386; x_wconf 80' lang='grc' dir='ltr'><strong><em>ἄρα</em></strong></span> <span class='ocrx_word' id='word_1_150' title='bbox 596 2309 656 2365; x_wconf 85' lang='grc' dir='ltr'><strong><em>τοῦ</em></strong></span> <span class='ocrx_word' id='word_1_151' title='bbox 675 2303 802 2383; x_wconf 88' lang='grc' dir='ltr'><strong><em>κόσμον</em></strong></span> <span class='ocrx_word' id='word_1_152' title='bbox 822 2297 913 2364; x_wconf 79' lang='grc' dir='ltr'><strong><em>ἐστὶν</em></strong></span> <span class='ocrx_word' id='word_1_153' title='bbox 931 2300 970 2364; x_wconf 86' lang='grc' dir='ltr'><strong><em>τά</em></strong></span> <span class='ocrx_word' id='word_1_154' title='bbox 984 2300 1092 2382; x_wconf 86' lang='grc' dir='ltr'><strong><em>θνητὰ</em></strong></span> 
     </span>
     <span class='ocr_line' id='line_1_19' title="bbox 83 2403 1093 2494; baseline -0.002 -23"><span class='ocrx_word' id='word_1_155' title='bbox 83 2411 162 2494; x_wconf 74' lang='grc' dir='ltr'><strong><em>ζῷα·</em></strong></span> <span class='ocrx_word' id='word_1_156' title='bbox 186 2409 214 2472; x_wconf 83' lang='grc' dir='ltr'><strong><em>εἰ</em></strong></span> <span class='ocrx_word' id='word_1_157' title='bbox 237 2409 301 2492; x_wconf 80' lang='grc' dir='ltr'><strong><em>γὰρ</em></strong></span> <span class='ocrx_word' id='word_1_158' title='bbox 324 2410 368 2491; x_wconf 80' lang='grc' dir='ltr'><strong><em>μὴ</em></strong></span> <span class='ocrx_word' id='word_1_159' title='bbox 392 2406 516 2492; x_wconf 86' lang='grc' dir='ltr'><strong><em>&lt;μέρη&gt;</em></strong></span> <span class='ocrx_word' id='word_1_160' title='bbox 538 2403 581 2490; x_wconf 78' lang='grc' dir='ltr'><strong><em>ἦν</em></strong></span> <span class='ocrx_word' id='word_1_161' title='bbox 603 2414 664 2471; x_wconf 90' lang='grc' dir='ltr'><strong><em>τοῦ</em></strong></span> <span class='ocrx_word' id='word_1_162' title='bbox 687 2410 813 2491; x_wconf 89' lang='grc' dir='ltr'><strong><em>κόσμον</em></strong></span> <span class='ocrx_word' id='word_1_163' title='bbox 832 2407 872 2470; x_wconf 83' lang='grc' dir='ltr'><strong><em>τὰ</em></strong></span> <span class='ocrx_word' id='word_1_164' title='bbox 889 2407 999 2489; x_wconf 84' lang='grc' dir='ltr'><strong><em>θνητὰ</em></strong></span> <span class='ocrx_word' id='word_1_165' title='bbox 1018 2409 1093 2493; x_wconf 77' lang='grc' dir='ltr'><strong><em>ζῷα,</em></strong></span> 
     </span>
     <span class='ocr_line' id='line_1_20' title="bbox 82 2507 1094 2599; baseline -0.004 -20"><span class='ocrx_word' id='word_1_166' title='bbox 82 2516 126 2598; x_wconf 87' lang='grc' dir='ltr'><strong><em>μὴ</em></strong></span> <span class='ocrx_word' id='word_1_167' title='bbox 155 2513 345 2598; x_wconf 87' lang='grc' dir='ltr'><strong><em>γενομένων</em></strong></span> <span class='ocrx_word' id='word_1_168' title='bbox 373 2515 528 2597; x_wconf 90' lang='grc' dir='ltr'><strong><em>δηλονότι</em></strong></span> <span class='ocrx_word' id='word_1_169' title='bbox 556 2524 624 2578; x_wconf 88' lang='grc' dir='ltr'><strong><em>τῶν</em></strong></span> <span class='ocrx_word' id='word_1_170' title='bbox 650 2519 787 2596; x_wconf 79' lang='grc' dir='ltr'><strong><em>θνητῶν</em></strong></span> <span class='ocrx_word' id='word_1_171' title='bbox 813 2509 904 2599; x_wconf 71' lang='grc' dir='ltr'><strong><em>ζῴων</em></strong></span> <span class='ocrx_word' id='word_1_172' title='bbox 927 2507 1029 2576; x_wconf 65' lang='grc' dir='ltr'><strong><em>οὐδὲν</em></strong></span> <span class='ocrx_word' id='word_1_173' title='bbox 1052 2509 1094 2575; x_wconf 86' lang='grc' dir='ltr'><strong><em>ἀν</em></strong></span> 
     </span>
     <span class='ocr_line' id='line_1_21' title="bbox 83 2614 1094 2708; baseline -0.002 -25"><span class='ocrx_word' id='word_1_174' title='bbox 83 2628 129 2707; x_wconf 76' lang='grc' dir='ltr'><strong><em>τῷ</em></strong></span> <span class='ocrx_word' id='word_1_175' title='bbox 160 2623 271 2708; x_wconf 78' lang='grc' dir='ltr'><strong><em>κόσμῳ</em></strong></span> <span class='ocrx_word' id='word_1_176' title='bbox 302 2620 401 2706; x_wconf 85' lang='grc' dir='ltr'><strong><em>μέρος</em></strong></span> <span class='ocrx_word' id='word_1_177' title='bbox 432 2624 569 2686; x_wconf 82' lang='grc' dir='ltr'><strong><em>ἔλειπεν.</em></strong></span> <span class='ocrx_word' id='word_1_178' title='bbox 614 2630 684 2697; x_wconf 86' lang='grc' dir='ltr'><strong><em>πῶς</em></strong></span> <span class='ocrx_word' id='word_1_179' title='bbox 712 2614 775 2685; x_wconf 90' lang='grc' dir='ltr'><strong><em>οὖν</em></strong></span> <span class='ocrx_word' id='word_1_180' title='bbox 801 2619 943 2702; x_wconf 90' lang='grc' dir='ltr'><strong><em>μηδενὸς</em></strong></span> <span class='ocrx_word' id='word_1_181' title='bbox 972 2616 1094 2704; x_wconf 88' lang='grc' dir='ltr'><strong><em>μέρους</em></strong></span> 
     </span>
     <span class='ocr_line' id='line_1_22' title="bbox 84 2723 1134 2811; baseline -0.002 -19"><span class='ocrx_word' id='word_1_182' title='bbox 84 2726 294 2804; x_wconf 79' lang='grc' dir='ltr'><strong><em>ἐλλείποντος</em></strong></span> <span class='ocrx_word' id='word_1_183' title='bbox 322 2727 438 2811; x_wconf 81' lang='grc' dir='ltr'><strong><em>ἀτελὴς</em></strong></span> <span class='ocrx_word' id='word_1_184' title='bbox 461 2723 547 2792; x_wconf 83' lang='grc' dir='ltr'><strong><em>εἶναι</em></strong></span> <span class='ocrx_word' id='word_1_185' title='bbox 571 2726 589 2791; x_wconf 94' lang='lat'><em>6</em></span> <span class='ocrx_word' id='word_1_186' title='bbox 612 2729 735 2810; x_wconf 85' lang='grc' dir='ltr'><strong><em>κόσμος</em></strong></span> <span class='ocrx_word' id='word_1_187' title='bbox 757 2729 898 2810; x_wconf 77' lang='grc' dir='ltr'><strong><em>ἤμελλεν</em></strong></span> <span class='ocrx_word' id='word_1_188' title='bbox 920 2735 987 2789; x_wconf 87' lang='grc' dir='ltr'><strong><em>τῶν</em></strong></span> <span class='ocrx_word' id='word_1_189' title='bbox 1010 2731 1093 2807; x_wconf 88' lang='grc' dir='ltr'><strong><em>θνη-</em></strong></span> <span class='ocrx_word' id='word_1_190' title='bbox 1108 2751 1134 2790; x_wconf 81' lang='lat'><strong><em>20</em></strong></span> 
     </span>
     <span class='ocr_line' id='line_1_23' title="bbox 83 2828 1095 2920; baseline -0.002 -23"><span class='ocrx_word' id='word_1_191' title='bbox 83 2845 151 2898; x_wconf 89' lang='grc' dir='ltr'><strong><em>τῶν</em></strong></span> <span class='ocrx_word' id='word_1_192' title='bbox 180 2832 271 2920; x_wconf 80' lang='grc' dir='ltr'><strong><em>ζςόων</em></strong></span> <span class='ocrx_word' id='word_1_193' title='bbox 299 2836 342 2918; x_wconf 80' lang='grc' dir='ltr'><strong><em>μη</em></strong></span> <span class='ocrx_word' id='word_1_194' title='bbox 371 2833 572 2918; x_wconf 87' lang='grc' dir='ltr'><strong><em>γινομένων;</em></strong></span> <span class='ocrx_word' id='word_1_195' title='bbox 604 2843 780 2898; x_wconf 85' lang='grc' dir='ltr'><strong><em>κατανοεῖν</em></strong></span> <span class='ocrx_word' id='word_1_196' title='bbox 808 2828 845 2897; x_wconf 73' lang='grc' dir='ltr'><strong><em>δὲ</em></strong></span> <span class='ocrx_word' id='word_1_197' title='bbox 867 2833 968 2897; x_wconf 78' lang='grc' dir='ltr'><strong><em>πόλιν</em></strong></span> <span class='ocrx_word' id='word_1_198' title='bbox 991 2830 1095 2913; x_wconf 84' lang='grc' dir='ltr'><strong><em>ἀξιον,</em></strong></span> 
     </span>
     <span class='ocr_line' id='line_1_24' title="bbox 82 2935 1096 3022; baseline -0.003 -18"><span class='ocrx_word' id='word_1_199' title='bbox 82 2951 154 3016; x_wconf 90' lang='grc' dir='ltr'><strong><em>πῶς</em></strong></span> <span class='ocrx_word' id='word_1_200' title='bbox 181 2940 242 3004; x_wconf 85' lang='grc' dir='ltr'><strong><em>οὐκ</em></strong></span> <span class='ocrx_word' id='word_1_201' title='bbox 271 2936 362 3005; x_wconf 78' lang='grc' dir='ltr'><strong><em>εἶπεν</em></strong></span> <span class='ocrx_word' id='word_1_202' title='bbox 391 2941 408 3005; x_wconf 98' lang='lat'><em>6</em></span> <span class='ocrx_word' id='word_1_203' title='bbox 440 2942 583 3005; x_wconf 81' lang='grc' dir='ltr'><strong><em>Πλάτων</em></strong></span> <span class='ocrx_word' id='word_1_204' title='bbox 610 2939 750 3004; x_wconf 51' lang='grc' dir='ltr'><strong><em>ετούτων</em></strong></span> <span class='ocrx_word' id='word_1_205' title='bbox 778 2935 815 3003; x_wconf 71' lang='grc' dir='ltr'><strong><em>δέ</em></strong></span> <span class='ocrx_word' id='word_1_206' title='bbox 842 2940 886 3022; x_wconf 81' lang='grc' dir='ltr'><strong><em>μη</em></strong></span> <span class='ocrx_word' id='word_1_207' title='bbox 909 2937 1096 3021; x_wconf 87' lang='grc' dir='ltr'><strong><em>γινομένων</em></strong></span> 
     </span>
     <span class='ocr_line' id='line_1_25' title="bbox 84 3044 1095 3131; baseline -0.004 -20"><span class='ocrx_word' id='word_1_208' title='bbox 84 3048 179 3130; x_wconf 88' lang='grc' dir='ltr'><strong><em>ὑμεῖς</em></strong></span> <span class='ocrx_word' id='word_1_209' title='bbox 210 3047 335 3124; x_wconf 80' lang='grc' dir='ltr'><strong><em>ἀτελεῖς</em></strong></span> <span class='ocrx_word' id='word_1_210' title='bbox 368 3046 440 3112; x_wconf 81' lang='grc' dir='ltr'><strong><em>ἐστε</em></strong></span> <span class='ocrx_word' id='word_1_211' title='bbox 473 3048 506 3111; x_wconf 78' lang='grc' dir='ltr'><strong><em>οἱ</em></strong></span> <span class='ocrx_word' id='word_1_212' title='bbox 539 3048 822 3131; x_wconf 85' lang='grc' dir='ltr'><strong><em>δημιουργοῦντες</em></strong></span> <span class='ocrx_word' id='word_1_213' title='bbox 855 3045 938 3109; x_wconf 84' lang='grc' dir='ltr'><strong><em>αὐτὰ</em></strong></span> <span class='ocrx_word' id='word_1_214' title='bbox 971 3045 1027 3108; x_wconf 86' lang='grc' dir='ltr'><strong><em>διά</em></strong></span> <span class='ocrx_word' id='word_1_215' title='bbox 1058 3044 1095 3107; x_wconf 93' lang='grc' dir='ltr'><strong><em>τὸ</em></strong></span> 
     </span>
     <span class='ocr_line' id='line_1_26' title="bbox 85 3149 1096 3236; baseline -0.002 -20"><span class='ocrx_word' id='word_1_216' title='bbox 85 3150 197 3230; x_wconf 69' lang='grc' dir='ltr'><strong><em>ἀτελὲς</em></strong></span> <span class='ocrx_word' id='word_1_217' title='bbox 224 3149 310 3218; x_wconf 83' lang='grc' dir='ltr'><strong><em>εἶναι</em></strong></span> <span class='ocrx_word' id='word_1_218' title='bbox 338 3155 375 3218; x_wconf 91' lang='grc' dir='ltr'><strong><em>τὸ</em></strong></span> <span class='ocrx_word' id='word_1_219' title='bbox 400 3153 585 3218; x_wconf 88' lang='grc' dir='ltr'><strong><em>ἀποτελοῦν</em></strong></span> <span class='ocrx_word' id='word_1_220' title='bbox 607 3154 651 3236; x_wconf 77' lang='grc' dir='ltr'><strong><em>μὴ</em></strong></span> <span class='ocrx_word' id='word_1_221' title='bbox 676 3154 772 3228; x_wconf 74' lang='grc' dir='ltr'><strong><em>’όντος</em></strong></span> <span class='ocrx_word' id='word_1_222' title='bbox 795 3159 855 3216; x_wconf 90' lang='grc' dir='ltr'><strong><em>τοῦ</em></strong></span> <span class='ocrx_word' id='word_1_223' title='bbox 879 3149 1096 3234; x_wconf 86' lang='grc' dir='ltr'><strong><em>ἀποτελέσμα-</em></strong></span> 
     </span>
     <span class='ocr_line' id='line_1_27' title="bbox 84 3257 1136 3346; baseline 0.001 -24"><span class='ocrx_word' id='word_1_224' title='bbox 84 3259 164 3343; x_wconf 88' lang='grc' dir='ltr'><strong><em>τος’,</em></strong></span> <span class='ocrx_word' id='word_1_225' title='bbox 188 3258 257 3324; x_wconf 86' lang='grc' dir='ltr'><strong><em>ἀλλ’</em></strong></span> <span class='ocrx_word' id='word_1_226' title='bbox 283 3261 439 3346; x_wconf 68' lang='grc' dir='ltr'><strong><em>ὀὐρανὸς</em></strong></span> <span class='ocrx_word' id='word_1_227' title='bbox 462 3260 578 3344; x_wconf 79' lang='grc' dir='ltr'><strong><em>ἀτελὴς</em></strong></span> <span class='ocrx_word' id='word_1_228' title='bbox 601 3259 714 3341; x_wconf 83' lang='grc' dir='ltr'><strong><em>ἔσται’,</em></strong></span> <span class='ocrx_word' id='word_1_229' title='bbox 733 3257 904 3323; x_wconf 83' lang='grc' dir='ltr'><strong><em>τουτέστιν</em></strong></span> <span class='ocrx_word' id='word_1_230' title='bbox 923 3257 940 3322; x_wconf 91' lang='lat'><em>6</em></span> <span class='ocrx_word' id='word_1_231' title='bbox 960 3259 1096 3340; x_wconf 85' lang='grc' dir='ltr'><strong><em>κόσμος·</em></strong></span> <span class='ocrx_word' id='word_1_232' title='bbox 1110 3281 1136 3323; x_wconf 73' lang='grc' dir='ltr'><strong><em>ιε</em></strong></span> 
     </span>
     <span class='ocr_line' id='line_1_28' title="bbox 86 3362 1098 3453; baseline -0.002 -24"><span class='ocrx_word' id='word_1_233' title='bbox 86 3368 126 3430; x_wconf 84' lang='grc' dir='ltr'><strong><em>τὰ</em></strong></span> <span class='ocrx_word' id='word_1_234' title='bbox 154 3368 216 3451; x_wconf 81' lang='grc' dir='ltr'><strong><em>γὰρ</em></strong></span> <span class='ocrx_word' id='word_1_235' title='bbox 245 3368 352 3431; x_wconf 76' lang='grc' dir='ltr'><strong><em>πάντα</em></strong></span> <span class='ocrx_word' id='word_1_236' title='bbox 381 3366 417 3431; x_wconf 92' lang='grc' dir='ltr'><strong><em>έν</em></strong></span> <span class='ocrx_word' id='word_1_237' title='bbox 447 3366 536 3453; x_wconf 77' lang='grc' dir='ltr'><strong><em>αὑτῷ</em></strong></span> <span class='ocrx_word' id='word_1_238' title='bbox 560 3369 607 3431; x_wconf 86' lang='grc' dir='ltr'><strong><em>έτι</em></strong></span> <span class='ocrx_word' id='word_1_239' title='bbox 630 3364 709 3449; x_wconf 91' lang='grc' dir='ltr'><strong><em>γένη</em></strong></span> <span class='ocrx_word' id='word_1_240' title='bbox 733 3376 800 3429; x_wconf 86' lang='grc' dir='ltr'><strong><em>τῶν</em></strong></span> <span class='ocrx_word' id='word_1_241' title='bbox 824 3362 916 3451; x_wconf 71' lang='grc' dir='ltr'><strong><em>ζῴων</em></strong></span> <span class='ocrx_word' id='word_1_242' title='bbox 939 3364 980 3428; x_wconf 88' lang='grc' dir='ltr'><strong><em>οὐ</em></strong></span> <span class='ocrx_word' id='word_1_243' title='bbox 1007 3385 1098 3448; x_wconf 88' lang='grc' dir='ltr'><strong><em>περι-</em></strong></span> 
     </span>
    </p>
   </div>
   <div class='ocr_carea' id='block_1_4' title="bbox 88 3591 1117 3876">
    <p class='ocr_par' dir='ltr' id='par_1_4' title="bbox 88 3591 1117 3876">
     <span class='ocr_line' id='line_1_29' title="bbox 160 3591 989 3662; baseline -0.001 -17"><span class='ocrx_word' id='word_1_244' title='bbox 160 3601 182 3646; x_wconf 89' lang='grc'><strong><em>1.</em></strong></span> <span class='ocrx_word' id='word_1_245' title='bbox 199 3600 222 3647; x_wconf 74' lang='lat'><strong><em>2.</em></strong></span> <span class='ocrx_word' id='word_1_246' title='bbox 242 3591 330 3661; x_wconf 84' lang='grc' dir='ltr'><strong><em>μέλλει</em></strong></span> <span class='ocrx_word' id='word_1_247' title='bbox 349 3593 421 3646; x_wconf 78' lang='lat' dir='ltr'><strong>Plat.</strong></span> <span class='ocrx_word' id='word_1_248' title='bbox 441 3597 470 3647; x_wconf 81' lang='grc' dir='ltr'><strong><em>εῖ</em></strong></span> <span class='ocrx_word' id='word_1_249' title='bbox 488 3596 520 3662; x_wconf 83' lang='lat' dir='ltr'><strong><em>pt</em></strong></span> <span class='ocrx_word' id='word_1_250' title='bbox 626 3599 650 3646; x_wconf 75' lang='lat'><strong><em>4.</em></strong></span> <span class='ocrx_word' id='word_1_251' title='bbox 666 3598 690 3645; x_wconf 82' lang='grc' dir='ltr'><strong><em>ό.</em></strong></span> <span class='ocrx_word' id='word_1_252' title='bbox 710 3595 825 3660; x_wconf 85' lang='grc' dir='ltr'><strong><em>θνητῶν</em></strong></span> <span class='ocrx_word' id='word_1_253' title='bbox 844 3608 896 3646; x_wconf 90' lang='lat' dir='ltr'><strong><em>om.</em></strong></span> <span class='ocrx_word' id='word_1_254' title='bbox 918 3591 989 3644; x_wconf 75' lang='lat' dir='ltr'>Plat.</span> 
     </span>
     <span class='ocr_line' id='line_1_30' title="bbox 90 3662 1097 3731; baseline -0.002 -14"><span class='ocrx_word' id='word_1_255' title='bbox 90 3670 131 3717; x_wconf 90' lang='lat'><strong><em>10.</em></strong></span> <span class='ocrx_word' id='word_1_256' title='bbox 152 3664 224 3718; x_wconf 73' lang='lat' dir='ltr'>Plat.</span> <span class='ocrx_word' id='word_1_257' title='bbox 245 3664 314 3718; x_wconf 88' lang='lat' dir='ltr'>Tim.</span> <span class='ocrx_word' id='word_1_258' title='bbox 334 3664 396 3717; x_wconf 81' lang='lat' dir='ltr'><strong><em>28ss</em></strong></span> <span class='ocrx_word' id='word_1_259' title='bbox 470 3671 510 3718; x_wconf 82' lang='lat'><strong><em>13.</em></strong></span> <span class='ocrx_word' id='word_1_260' title='bbox 532 3662 602 3717; x_wconf 78' lang='lat' dir='ltr'>Plat.</span> <span class='ocrx_word' id='word_1_261' title='bbox 617 3662 724 3731; x_wconf 83' lang='lat' dir='ltr'>politic.</span> <span class='ocrx_word' id='word_1_262' title='bbox 740 3663 821 3717; x_wconf 79' lang='lat' dir='ltr'><strong><em>269D</em></strong></span> <span class='ocrx_word' id='word_1_263' title='bbox 896 3668 937 3717; x_wconf 77' lang='lat'><strong><em>17.</em></strong></span> <span class='ocrx_word' id='word_1_264' title='bbox 952 3681 1019 3716; x_wconf 87' lang='grc' dir='ltr'><strong><em>ει-</em></strong></span> <span class='ocrx_word' id='word_1_265' title='bbox 1031 3663 1097 3726; x_wconf 76' lang='grc' dir='ltr'><strong><em>ζωια</em></strong></span> 
     </span>
     <span class='ocr_line' id='line_1_31' title="bbox 88 3731 992 3805; baseline 0 -18"><span class='ocrx_word' id='word_1_266' title='bbox 88 3735 119 3787; x_wconf 82' lang='lat' dir='ltr'><strong><em>in</em></strong></span> <span class='ocrx_word' id='word_1_267' title='bbox 141 3753 229 3805; x_wconf 83' lang='lat' dir='ltr'><strong>marg.</strong></span> <span class='ocrx_word' id='word_1_268' title='bbox 255 3734 344 3804; x_wconf 81' lang='lat' dir='ltr'>suppl.</span> <span class='ocrx_word' id='word_1_269' title='bbox 368 3736 397 3788; x_wconf 91' lang='lat' dir='ltr'><strong>M</strong></span> <span class='ocrx_word' id='word_1_270' title='bbox 488 3731 555 3802; x_wconf 84' lang='grc' dir='ltr'><strong><em>μέρη</em></strong></span> <span class='ocrx_word' id='word_1_271' title='bbox 579 3732 679 3786; x_wconf 79' lang='lat' dir='ltr'><strong>addidi</strong></span> <span class='ocrx_word' id='word_1_272' title='bbox 768 3741 810 3788; x_wconf 79' lang='lat'><strong><em>21.</em></strong></span> <span class='ocrx_word' id='word_1_273' title='bbox 830 3735 939 3805; x_wconf 59' lang='grc' dir='ltr'><strong><em>παλλιλν</em></strong></span> <span class='ocrx_word' id='word_1_274' title='bbox 963 3733 992 3786; x_wconf 91' lang='lat' dir='ltr'>M</span> 
     </span>
     <span class='ocr_line' id='line_1_32' title="bbox 89 3803 1117 3876; baseline -0.011 -16"><span class='ocrx_word' id='word_1_275' title='bbox 89 3813 131 3860; x_wconf 79' lang='lat'><strong><em>22.</em></strong></span> <span class='ocrx_word' id='word_1_276' title='bbox 153 3803 310 3876; x_wconf 86' lang='grc' dir='ltr'><strong><em>γενομένων</em></strong></span> <span class='ocrx_word' id='word_1_277' title='bbox 329 3808 341 3858; x_wconf 75' lang='grc' dir='ltr'><strong><em>ὑ</em></strong></span> <span class='ocrx_word' id='word_1_278' title='bbox 360 3809 389 3860; x_wconf 77' lang='lat' dir='ltr'><strong><em>et</em></strong></span> <span class='ocrx_word' id='word_1_279' title='bbox 411 3810 556 3876; x_wconf 77' lang='lat' dir='ltr'>(superscr.</span> <span class='ocrx_word' id='word_1_280' title='bbox 575 3823 605 3859; x_wconf 89' lang='lat' dir='ltr'><strong>m</strong></span> <span class='ocrx_word' id='word_1_281' title='bbox 624 3807 648 3873; x_wconf 64' lang='lat'><strong><em>1)</em></strong></span> <span class='ocrx_word' id='word_1_282' title='bbox 672 3822 692 3874; x_wconf 77' lang='grc' dir='ltr'><strong><em>ρ</em></strong></span> <span class='ocrx_word' id='word_1_283' title='bbox 781 3811 890 3860; x_wconf 47' lang='lat' dir='ltr'><strong><em>wi»</em></strong></span> <span class='ocrx_word' id='word_1_284' title='bbox 908 3806 1117 3868; x_wconf 56' lang='grc' dir='ltr'><strong><em>ἀποτελεχορυ-</em></strong></span> 
     </span>
    </p>
   </div>
   <div class='ocr_carea' id='block_1_5' title="bbox 84 3895 459 3979">
    <p class='ocr_par' dir='ltr' id='par_1_5' title="bbox 84 3895 459 3979">
     <span class='ocr_line' id='line_1_33' title="bbox 84 3895 459 3979; baseline 0.016 -17"><span class='ocrx_word' id='word_1_285' title='bbox 84 3913 145 3979; x_wconf 75' lang='grc' dir='ltr'><strong><em>τῙος</em></strong></span> <span class='ocrx_word' id='word_1_286' title='bbox 160 3912 194 3962; x_wconf 84' lang='lat' dir='ltr'><em>M</em></span> <span class='ocrx_word' id='word_1_287' title='bbox 270 3917 310 3965; x_wconf 76' lang='lat'><strong><em>26.</em></strong></span> <span class='ocrx_word' id='word_1_288' title='bbox 333 3895 409 3968; x_wconf 63' lang='grc' dir='ltr'><strong><em>εδττίν</em></strong></span> <span class='ocrx_word' id='word_1_289' title='bbox 428 3915 459 3968; x_wconf 89' lang='grc' dir='ltr'><strong>Μ</strong></span> 
     </span>
    </p>
   </div>
   <div class='ocr_carea' id='block_1_6' title="bbox 0 0 1222 4208">
    <p class='ocr_par' dir='ltr' id='par_1_6' title="bbox 0 0 1222 4208">
     <span class='ocr_line' id='line_1_34' title="bbox 0 0 1222 4208; baseline 0 0"><span class='ocrx_word' id='word_1_290' title='bbox 0 0 1222 4208; x_wconf 95' lang='lat' dir='ltr'><strong><em> </em></strong></span> 
     </span>
    </p>
   </div>
  </div>
 </body>
</html>
