2394 4208
88 538 131 593 ιτ
148 541 193 612 ιι]
369 540 416 594 ου
435 539 690 595 mmmm
710 540 830 594 αναοι
1061 543 1103 606 99

91 703 172 767 “πᾶν
198 703 236 767 τὸ
265 701 303 766 ἐν
330 705 438 793 χρόνῳ
466 702 507 768 όν
535 709 599 767 είτε
628 703 750 792 ἀπείρῳ
779 711 843 769 εἴτε
871 705 1104 793 πεπερασμένῳ

92 807 144 873 ἀεὶ
163 806 246 873 ποτέ
262 806 363 893 ἐστιν,
387 810 484 893 διότι,
508 810 590 875 ὅσον
608 813 699 876 ἔστιν
719 811 832 894 αὑτοῦ,
857 814 893 876 ἐν
911 834 977 876 τινι
996 815 1104 900 χρόνῳ

92 917 193 980 τοῦτό
217 914 320 981 ἐστιν·
351 916 392 981 οὐ
422 919 485 1001 γὰρ
514 919 580 1001 ἅμα
608 916 684 994 ὅλος
712 917 730 982 ὑ
757 920 877 1003 χρόνος
905 916 995 982 ἐστὶν
1023 918 1106 983 ἀλλὰ

91 1024 176 1086 κατὰ
198 1020 311 1107 μέρος’
333 1020 389 1087 καὶ
411 1023 514 1088 πόλιν
537 1022 587 1087 ὅτι
610 1022 657 1087 <εί
674 1047 706 1088 τι
730 1022 766 1088 ἐν
789 1027 897 1111 χρόνῳ
921 1023 1020 1106 ἐστίν,
1043 1022 1106 1087 κόν

93 1130 143 1205 εἰς
165 1129 226 1193 τὸν
248 1130 388 1215 ἄπειρον
407 1128 588 1212 ἐκτείνηται
607 1132 740 1215 χρόνον,
762 1129 845 1196 ποτέ
861 1129 962 1195 ἐστιν’
981 1128 1035 1194 καὶ
1055 1131 1106 1195 ὅτι
1133 1159 1145 1199 5

93 1234 158 1300 ‘dcl
183 1235 247 1299 ἀπὸ
271 1237 374 1300 ἄλλον
397 1234 480 1300 ποτέ
500 1237 547 1311 εἰς
570 1237 650 1300 ἄλλο
673 1235 755 1301 ποτέ
775 1240 970 1320 μεθίσταται
990 1235 1045 1302 καὶ
1063 1232 1107 1319 ἦν

94 1339 175 1406 ποτὲ
197 1339 253 1406 καί
277 1344 367 1407 ἐστιν
388 1338 467 1406 ποτὲ
490 1340 545 1406 καὶ
570 1344 658 1407 ἔσται
684 1342 766 1407 ποτέ
771 1343 780 1371 ’
804 1342 857 1406 καὶ
886 1343 937 1408 ὅτι
960 1342 1023 1407 εοἰεὺ
1046 1340 1107 1427 μὲν

95 1447 266 1533 ἕτεροντὸ
285 1447 375 1532 ποτέ,
395 1451 486 1513 ἐστιν
504 1446 533 1512 θ’
556 1448 653 1533 ὅμως,
677 1448 714 1513 ἐν
732 1442 759 1535 ᾧ
779 1452 868 1514 ἔστιν
885 1449 986 1532 ποτέ,
1005 1458 1107 1514 ταῦτα

96 1555 202 1619 εἰπὼν
219 1552 274 1618 καί
293 1557 569 1639 συναισθόμενος,
593 1555 672 1640 ὅπερ
693 1550 797 1637 εἷπον,
819 1556 863 1632 ὡς
882 1555 1005 1638 ἀνάγκη
1025 1557 1107 1619 κατὰ

95 1664 154 1737 τὰς
182 1661 286 1726 αὑτοῦ
313 1660 492 1738 ὑποθέσεις
521 1663 580 1726 τὸν
607 1670 666 1725 τοῦ
694 1658 774 1725 ποτὲ
802 1660 960 1744 ἐσομένου
989 1667 1106 1746 αἴτιον,
1121 1691 1147 1729 ιο

96 1768 185 1832 καθὸ
210 1770 300 1832 ἔσται
322 1767 410 1852 ποτέ,
434 1777 499 1833 νῦν
521 1769 661 1851 δυνάμει
684 1762 771 1831 εἶναι
795 1773 902 1831 αἴτιον
919 1767 1022 1831 -οὐ
1044 1770 1106 1850 γὰρ

96 1875 141 1956 όη
171 1896 208 1957 γε
236 1872 399 1960 ἐνεργείηι,
431 1880 465 1939 εί
488 1897 524 1958 γε
552 1874 720 1938 ἀδύνατον
749 1874 785 1938 τὸ
816 1872 989 1956 ἐσόμενον,
1020 1873 1106 1937 καθὸ

96 1983 199 2062 ἔσται,
224 1987 288 2043 νῦν
311 1979 459 2067 ἐνεργείᾳ
482 1976 568 2045 εἶναι
592 2017 646 2063 -,
669 1978 848 2064 ἐπικρύψαι
871 1987 969 2042 τοῦτο
987 1980 1107 2061 βουλό-

95 2109 199 2170 μενος
221 2085 429 2170 προσέθηκεν
456 2087 500 2163 ὡς
523 2087 625 2150 εἐστιν
648 2081 709 2168 μὲν
731 2082 824 2166 ποτέ,
852 2088 979 2166 γίνεται
1002 2082 1030 2148 δ’
1054 2083 1102 2149 ἐπ’

97 2195 240 2276 ἄπειρον
262 2189 332 2255 ἀλλ’
356 2191 397 2255 οὑ
419 2191 511 2256 ποτέ
533 2189 588 2256 καὶ
611 2192 712 2255 πάλιν
735 2191 783 2254 ‘sb
802 2186 864 2273 μὲν
882 2185 944 2254 οὖν
963 2189 999 2254 ἐν
1017 2189 1108 2276 μέρει
1121 2219 1147 2259 15

98 2308 161 2364 τοῦ
185 2301 308 2383 χρόνου
332 2298 394 2381 τὴν
419 2297 602 2363 ὑπόστασιν
625 2301 702 2381 ἔχον
726 2294 781 2360 καὶ
804 2300 929 2379 γίνεται
952 2293 1030 2361 ποτέ
1053 2295 1107 2362 καὶ

97 2409 192 2472 ἔστιν
213 2400 292 2469 ποτὲ
316 2401 392 2486 <καὶ
411 2406 500 2468 ἔσται
518 2402 633 2487 ποτέ>,
656 2404 693 2467 τὸ
713 2401 750 2468 ὑὲ
769 2402 805 2467 ἐν
822 2402 921 2468 παντὶ
940 2411 985 2491 τῷ
1000 2405 1107 2491 χρόνῳ

99 2514 193 2576 ἔστιν
222 2506 285 2594 μὲν
314 2508 406 2592 ποτέ,
439 2513 564 2592 γίνεται
592 2506 629 2573 δὲ
657 2509 734 2594 ἀεί’,
767 2510 823 2574 ἵνα
848 2518 893 2597 τῷ
917 2509 967 2574 ἀεὶ
1000 2510 1109 2592 λέγειν

99 2615 259 2700 γενέσθαι
282 2613 337 2680 καὶ
359 2617 404 2700 μὴ
426 2613 505 2680 ποτε
528 2615 656 2702 ἐκφύγῃ
681 2617 716 2680 τὸ
737 2617 877 2699 ὑυνόμει
896 2615 1005 2699 λέγειν
1023 2612 1109 2680 εἶναι

99 2725 162 2787 τὸν
185 2731 244 2786 τοῦ
267 2721 447 2805 γινομένου
470 2725 623 2806 ποιητήν,
647 2724 691 2800 ὡς
714 2725 894 2805 νενόμικεν.
939 2724 1045 2785 καίτοι
1065 2726 1108 2784 εί·
1123 2748 1149 2787 ιο

99 2850 164 2914 περ
196 2827 246 2894 ἀεὶ
278 2828 314 2893 ἐν
344 2838 474 2912 συνεχεῖ
503 2826 558 2893 καὶ
589 2828 756 2917 ἀόιακόπῳ
787 2827 912 2911 γενέσει
942 2827 960 2891 ὑ
988 2830 1110 2910 κόσμος

100 2933 289 3018 ὑφέστηκεν
306 2932 361 2998 καί
380 2934 417 3000 ἐν
435 2942 481 3022 τῷ
500 2938 654 3017 γίνεσθαι
673 2936 709 2998 τὸ
730 2929 815 2998 εἶναι
832 2937 907 3018 ἔχει,
926 2934 955 2997 εί
973 2935 1017 3016 μὴ
1031 2929 1110 2998 ποτὲ

101 3044 230 3125 γίνεται
253 3038 323 3105 ἀλλ’
347 3040 436 3124 dem
463 3041 503 3106 οὐ
526 3037 605 3105 ποτὲ
631 3044 719 3105 ἔσται
744 3038 812 3104 ἀλλ’
837 3039 900 3104 ἀεί·
928 3041 964 3104 τὸ
989 3042 1051 3126 γὰρ
1062 3057 1101 3097 ἰοὶ
1110 3061 1162 3098 nv.

102 3143 191 3212 εἶναι
218 3146 321 3211 αὑτοῦ
350 3145 388 3211 έν
409 3154 455 3233 τῷ
483 3150 637 3229 γίνεσθαι
665 3149 725 3229 τὴν
751 3147 934 3210 ὑπόστασιν
961 3149 1034 3229 ἐχει.
1081 3147 1110 3210 εί

102 3251 141 3318 όὲ
172 3254 229 3317 διὰ
257 3253 294 3317 τὸ
324 3251 360 3317 ἐν
387 3256 495 3340 χρόνῳ
525 3253 707 3336 ὑφεστάναι
737 3253 796 3316 τὸν
825 3254 951 3335 κόσμον
982 3250 1036 3316 καὶ
1066 3253 1150 3335 μήτε

102 3362 192 3445 ἐχειν
206 3359 337 3444 όιθρόαν
349 3368 459 3424 πᾶσαν
477 3359 562 3443 ὁμοῦ
581 3361 641 3443 τὴν
660 3360 762 3424 αὑτοῦ
782 3357 994 3441 ἐνεστηκυῖαν
1007 3358 1110 3442 ὑπαρ-

175 3504 201 3553 2.
222 3497 291 3569 [αει]
309 3498 339 3551 Μ
398 3515 471 3552 εστιν
488 3499 530 3570 Μ]
549 3498 624 3553 ἔσται
643 3503 715 3565 96,7
777 3504 801 3551 3.
821 3495 883 3560 ὅλος
901 3500 914 3550 t
932 3499 961 3551 et
979 3499 1026 3564 (cr.
1041 3498 1109 3564 τοὺ)

104 3571 136 3641 p]
155 3569 170 3624 ό
189 3568 317 3639 λογοςΜ
384 3575 408 3622 4.
428 3586 492 3639 pag.
508 3575 581 3637 96,9
648 3570 684 3694 χει
703 3588 728 3622 τι
747 3568 838 3638 εῙνΜ
901 3574 924 3622 6.
945 3585 1008 3636 pag.
1023 3572 1065 3632 96,
1078 3572 1109 3619 12

177 3646 201 3694 8.
220 3640 251 3693 τὸ
265 3637 333 3693 ποτέ
345 3648 426 3695 τοῦτο
441 3646 483 3709 96,
499 3646 532 3693 13
596 3645 619 3693 9.
640 3659 651 3693 ε
665 3659 731 3694 πονε
750 3657 814 3709 pag.
830 3645 873 3707 98,
888 3645 922 3691 23
986 3645 1026 3694 14,
1045 3655 1108 3708 pag.

105 3716 203 3779 96,10
303 3717 344 3764 16.
363 3719 413 3764 τοῦ
446 3728 498 3765 om.
527 3716 702 3781 pag.96‚l5
812 3715 851 3764 17.
872 3711 918 3764 καί
942 3709 1016 3764 ἐσται
1043 3706 1110 3763 ποτέ

105 3781 170 3837 add.
191 3798 224 3837 ex
243 3798 306 3852 pag.
328 3788 419 3850 96,16
486 3789 527 3836 19.
547 3782 609 3837 fort,
628 3779 758 3853 γίνεσθαι
831 3787 874 3839 20.
894 3779 1004 3858 καίτοιη
1021 3783 1072 3839 καὶ
1089 3782 1124 3838 τὶ)

102 3906 135 3957 Μ
199 3910 238 3953 22.
258 3851 425 3973 εινέξῃμι]
436 3925 476 3972 μη
493 3905 529 3959 Μ
599 3915 639 3964 26.
664 3931 757 3983 ονμου
776 3913 808 3971 Μ

939 4013 980 4070 εχ*
