2394 4208
10 35 852 341 m

66 544 105 597 IX
120 544 149 616 1]
339 543 387 597 DE
406 543 664 599 AETERNITATE
681 544 803 600 MVNDI
1009 545 1073 609 317

135 705 191 772 εί.
215 704 285 771 Ὁτι
315 707 356 771 οὑ
387 709 443 772 διὰ
472 709 554 791 <τδ>
582 709 643 791 την
669 711 855 793 τελειότητα
881 719 949 774 τῶν
976 709 1076 773 είδῶν

68 813 219 898 ιἰχρόνως
247 813 456 897 ὑφίστασθαι
486 815 542 879 διὰ
571 824 669 879 τοῦτο
700 813 892 900 ἀναιρετέον
921 816 982 898 την
1009 825 1077 880 τῶν

69 922 169 985 εἰδῶν
192 919 333 1004 γένεσιν.

137 1024 196 1100 ςι’.
220 1023 291 1089 ’Ότι
318 1025 373 1090 καλ
402 1025 439 1090 έν
462 1035 532 1103 τοῖς
554 1026 619 1091 ὑπὸ
643 1025 758 1111 τέχνης
780 1026 835 1091 καὶ
859 1026 896 1091 ἐν
918 1038 988 1105 τοῖς
1011 1027 1076 1092 ὑπὸ

70 1135 204 1217 φύσεως
233 1131 422 1215 γινομένοις
449 1135 555 1217 μόνου
583 1141 643 1197 τοῦ
671 1134 783 1210 είδους
811 1132 901 1199 ἐστὶν
923 1132 978 1198 καὶ
1002 1132 1077 1218 οὐχὶ
1105 1160 1117 1200 ι

70 1250 127 1323 τῆς
150 1240 233 1322 ὑλης
255 1239 275 1321 ἡ
299 1238 436 1322 γένεσις.

139 1344 193 1425 ζί.
218 1343 288 1409 Ὅτι
316 1345 377 1409 οὑκ
407 1349 498 1411 ἔστιν
525 1355 585 1411 τοῦ
609 1345 776 1410 συνθέτου
800 1346 819 1429 ἡ
843 1345 972 1430 γένεσις
995 1346 1078 1412 ἀλλὰ

70 1461 131 1516 τοῦ
155 1453 267 1528 είδους
289 1456 427 1537 κυρίως,
450 1453 533 1516 κατὰ
556 1452 764 1535 συμβεβηκὸς
786 1448 822 1516 δὲ
845 1451 900 1516 καὶ
919 1462 980 1518 τοῦ
998 1469 1077 1518 συν-

70 1558 183 1623 θέτου.

381 1755 488 1830 Λύσις
509 1763 569 1818 τοῦ
593 1752 631 1818 θ’
656 1756 768 1838 λόγου.
1092 1783 1118 1821 ιο

139 1877 181 1943 α’.
224 1881 290 1943 Τοῦ
320 1878 501 1954 Πλάτωνος
535 1879 720 1964 διαρρήδην
751 1876 873 1943 οὑτωσί
905 1877 1078 1960 γεγονέναι

73 1987 134 2050 τὸν
161 1988 287 2069 κόσμον
313 1983 368 2049 καὶ
397 1984 458 2048 οὑκ
486 1983 537 2049 ἀεὶ
565 1981 650 2050 εἶναι
677 1984 847 2069 λέγοντος,
875 1984 919 2061 ὡς
947 1983 983 2048 έν
1009 1995 1080 2062 τοις

72 2095 265 2176 ἔμπροσθεν
291 2092 450 2167 πολλάκις
473 2089 650 2173 δέδεικται,
679 2095 755 2155 λίαν
777 2087 868 2175 οἶμαι
891 2100 1080 2176 κακοῦργον

71 2197 127 2263 καὶ
165 2207 359 2280 σοφιστικῆς
395 2201 607 2281 κακοτεχνίας
639 2196 700 2262 οὑκ
732 2199 872 2281 ἄμοιρον
903 2199 944 2261 τά
975 2198 1080 2275 οὑτως

74 2305 220 2390 ἐναργῶς
234 2302 412 2387 λελεγμένα
426 2300 698 2389 διακρουΙόμενον
716 2306 751 2368 ἔκ
769 2327 871 2368 τινων
890 2305 1000 2368 ἀλλων
1023 2321 1132 2362 rol-1281.

73 2420 133 2476 τοῦ
163 2410 343 2487 Πλάτωνος
370 2408 567 2475 ὑποθέσεων
592 2414 725 2474 πείθειν
751 2410 939 2493 βιάζεσθαι,
967 2411 1011 2487 ὡς
1038 2411 1079 2476 οὑ
1095 2436 1120 2477 ιε

74 2517 216 2602 γενητὸν
245 2512 330 2581 εἶναι
357 2517 417 2580 τὸν
445 2517 571 2600 κόσμον
598 2514 668 2579 ἀλλ’
699 2514 860 2598 ἀγένητον
890 2515 907 2580 ὁ
937 2517 1080 2582 Πλάτων

74 2623 170 2711 ᾤετο·
195 2624 224 2687 εί
247 2625 309 2707 γὰρ
332 2621 387 2687 καὶ
406 2624 488 2686 κατὰ
507 2621 669 2707 ἀληθειαν
686 2618 729 2705 ἡν
747 2645 796 2699 τις
813 2622 975 2700 ὑπόθεσις
991 2626 1081 2708 παρὰ

76 2732 232 2794 Πλάτωνι
247 2727 361 2815 ἑτέραν
375 2728 478 2793 αὑτοῦ
493 2728 684 2812 ἀπόφανσιν
703 2726 939 2812 ἀπελέγχουσα,
956 2728 1081 2811 εὐγνώ-

74 2861 178 2920 μονος
204 2831 247 2917 ἦν
275 2835 399 2922 ἀνδρὸς
425 2833 480 2899 καὶ
508 2844 546 2920 τῇ
575 2834 716 2920 ἀληθείᾳ
738 2835 775 2899 τὸ
799 2833 901 2899 πλέον
924 2834 1121 2918 νέμοντοςιο

74 2953 113 3027 τῇ
142 2941 327 3027 φαινομένη
355 2946 463 3018 καλῶς
490 2944 577 3026 ἔχειν
599 2953 666 3007 τῶν
687 2941 883 3008 ὑποθέσεων
904 2940 1082 3025 τιθέμενον

74 3052 136 3132 τὴν
160 3047 274 3133 ἑτέραν
296 3050 357 3131 τὴν
379 3047 567 3132 μαχομένην
590 3050 634 3125 ὡς
657 3048 719 3114 οὑκ
742 3047 850 3131 ἀληθῆ
873 3047 1081 3133 παραπέμπε-

75 3163 170 3220 σθαι·
194 3155 234 3219 υὺ
258 3155 321 3240 γάρ
345 3154 468 3238 ἀνδρὸς
486 3150 577 3238 οἶμαι
596 3156 786 3238 φιλοσόφου
806 3151 885 3219 οὑδὲ
902 3164 973 3232 τοῖς
991 3156 1082 3219 Πλά-

75 3285 180 3338 τωνος
202 3268 466 3344 πενθαρχοῦντος
489 3261 688 3346 διδάγμασιν
711 3262 912 3345 Σωκράτους
934 3257 996 3345 μὲν
1014 3261 1082 3325 ὀλί-

76 3392 139 3452 γον
167 3371 357 3451 φροντίζειν
383 3377 441 3450 τῆς
468 3363 505 3431 δὲ
533 3366 690 3450 ἀληθείας
716 3370 803 3433 πολὺ
830 3371 957 3452 μᾶλλον
980 3367 1083 3433 αὑτὸν
1097 3392 1123 3433 ιτ

149 3602 172 3647 1.
191 3595 222 3647 τὸ
242 3593 306 3646 add.
324 3597 358 3663 pt
442 3600 467 3647 4.
486 3591 593 3666 τέχνης]
612 3613 711 3665 τεχνην
729 3594 758 3647 Μ
844 3601 867 3649 θ.
888 3615 955 3666 ουχη
975 3595 1004 3648 Μ
1022 3596 1082 3666 (οὑχ

76 3692 156 3772 ᾑμὺ)
239 3707 279 3753 14.
300 3697 398 3771 οὑτως]
417 3720 504 3762 ουτως
521 3700 550 3753 Μ
631 3706 672 3753 19.
692 3685 837 3768 αποφαλιιν
856 3701 885 3754 Μ
969 3703 1083 3773 ἀπελεγ.

77 3823 175 3877 χουσαι
195 3806 224 3858 Μ
297 3812 338 3860 20.
358 3811 448 3861 πλεων
466 3807 496 3860 Μ
572 3812 614 3859 21.
634 3774 776 3877 τὑὺὑιεμενου
791 3807 827 3862 M
897 3805 1108 3861 ‘zmkffix

67 3911 207 3964 Phaedon
230 3912 293 3965 910
367 3919 409 3970 24.
428 3921 469 3971 25.
491 3889 600 3990 ολιγλὺλ
619 3917 654 3974 Μ
730 3923 779 3974 25.
801 3914 905 3989 maffia)
920 3912 963 3966 M
