2394 4208
74 564 116 620 w
130 566 177 638 ιι]
351 561 400 617 DE
418 560 676 619 ιετεοοιτιτο
694 560 816 651 mmm
1025 562 1091 628 169

78 730 116 795 τὸ
145 728 208 814 γάρ
235 725 351 803 άιδίως
373 727 554 811 γινόμενον
575 724 736 810 γενέσεως
758 724 920 810 οὐδεμίαν
942 727 1009 811 ἔχει
1032 725 1090 812 ἀρ-

80 837 158 920 χήν,
186 841 252 898 νῦν
279 831 320 897 δέ
345 848 451 917 φησιν
478 831 652 916 γεγονέναι
674 833 735 897 τὸν
756 833 885 916 κόσμον
907 829 961 898 ἀτί
989 831 1091 918 ἀρχῆς

77 964 171 1017 τινος
203 937 401 1026 ἀρξάμενον·
433 938 504 1005 ἐπεὶ
536 941 600 1027 γάρ
633 940 670 1005 τὸ
703 938 876 1024 γεγονέναι
905 922 1091 1022 δηλωτικὸν

80 1052 161 1125 ίσως
189 1044 297 1111 έδόκει
324 1044 415 1112 τισὶν
440 1043 501 1113 τοῦ
529 1046 714 1131 ὑφεστάναι
740 1043 803 1132 μὲν
829 1046 918 1133 παρὰ
945 1054 1005 1111 τοὺ
1034 1046 1091 1130 δη·

80 1160 248 1240 μιουργοὺ
277 1153 338 1218 τὸν
363 1154 505 1237 κόσμον,
538 1151 571 1231 ἐξ
604 1152 717 1219 ἀιδίου
749 1149 787 1219 δί
816 1154 877 1237 τὴν
906 1152 1092 1219 ὑπόστασιν
1113 1176 1133 1225 ,ι

80 1257 255 1344 εἰληφέναι
286 1256 401 1346 (ὁποία
432 1261 472 1324 τά
504 1261 623 1327 αἰώνια
654 1279 759 1346 φησιν
787 1260 805 1326 ὁ
834 1260 978 1325 Πλάτων
1005 1254 1092 1325 εἶναι

81 1366 173 1451 παρά
199 1371 284 1431 θεοῦ
311 1361 375 1450 μὲν
400 1367 439 1431 τὸ
461 1361 547 1432 εἶναι
571 1368 746 1451 εἰληφότα,
769 1366 831 1432 οὑκ
855 1366 919 1432 άπό
943 1390 1035 1444 τινος
1057 1362 1087 1430 δ’

81 1472 186 1559 ἀρχῆς
216 1469 287 1536 ἀλλ’
315 1473 458 1550 αἰωνίοις
487 1470 597 1559 ὄντα),
624 1474 750 1556 ταύτην
777 1473 818 1556 δὴ
845 1471 921 1558 περὶ
948 1481 1009 1539 τοῦ
1037 1474 1092 1538 κό-

81 1597 169 1664 σμου
202 1580 264 1663 τὴν
295 1579 461 1645 ὑπόνοιαν
492 1578 762 1665 άποκρουόμενος
789 1586 835 1665 τῷ
863 1578 1024 1662 ’γέγονεν’
1053 1579 1091 1644 τὸ

83 1683 152 1751 ’ἀπ’
181 1684 282 1771 ἀρχῆς
309 1710 401 1763 τινος
428 1683 620 1772 άρξάμενος’
647 1684 866 1772 προσέθηκεν.
912 1685 975 1771 ὅρα
997 1694 1093 1770 γοῦν,
1108 1711 1135 1752 ιο

81 1804 153 1870 πῶς
182 1803 297 1876 σαφῶς
325 1790 481 1879 ἑκάτερον
506 1792 591 1877 ἡμᾶς
618 1790 784 1876 ἐδίδαξεν,
811 1791 896 1875 λέγω
924 1792 966 1875 δὴ
993 1794 1031 1857 τό
1058 1814 1093 1856 τε

82 1898 121 1965 έν
149 1899 278 1983 γενέσει
305 1899 343 1964 τὸ
366 1894 454 1965 εἶναι
476 1901 565 1985 ἔχειν
587 1899 647 1964 τὸν
669 1901 796 1983 κόσμον
817 1896 873 1963 καί
896 1898 933 1962 τὸ
956 1898 1018 1981 τὴν
1041 1894 1094 1980 γέ-

80 2024 179 2071 νεσιν
200 2006 326 2089 ταύτην
348 2005 454 2092 ἀρχὴν
476 2015 536 2071 τοῦ
560 2001 646 2071 εἶναι
668 2003 853 2090 εἰληφέναι·
876 2005 933 2069 διά
950 2000 1012 2088 μὲν
1030 2004 1093 2089 γάρ

85 2120 147 2178 τοῦ
185 2110 336 2197 ’γέγονεν
372 2109 425 2177 άιί
463 2112 565 2198 ἀρχῆς
599 2135 691 2188 τινος
727 2109 919 2198 άμξάμενος’
957 2111 995 2174 τὸ
1032 2109 1095 2175 οὑκ

80 2217 197 2284 ἀίδιον
223 2228 281 2302 τῆς
308 2215 469 2302 γενέσεως
497 2215 567 2283 ἀλλ’
594 2216 762 2304 ἠργμένον
791 2216 970 2302 ἐδήλωσεν·
993 2218 1095 2283 πάλιν
1109 2243 1135 2285 ιτ

80 2323 112 2390 δ’
141 2319 189 2390 αὑ
213 2332 267 2412 τῷ
287 2323 451 2409 <γέγονεν’
479 2324 655 2408 ἐπαγαγὼν
681 2324 813 2410 *ὁρατός
839 2347 875 2388 τε
901 2326 964 2410 γάρ
992 2322 1095 2401 ἁπτός

79 2429 121 2496 τέ
140 2430 233 2496 ἐστιν
249 2429 305 2497 καί
325 2442 418 2516 σῶμα
437 2434 533 2517 ἔχων·
551 2428 668 2518 πάνίτα
687 2426 724 2496 δί
743 2433 782 2496 τά
801 2439 939 2496 τοιαῦτα
953 2427 1033 2516 δόξη
1051 2446 1150 2489 τοιαῦτ.

80 2538 267 2623 περιληπτά
285 2535 353 2623 μετ’
373 2539 561 2623 αἰσθήσεως
579 2540 739 2622 γινόμενα
756 2535 812 2602 καί
831 2539 951 2621 γενητὰ
974 2535 1093 2620 έφάνη’

81 2645 123 2710 τό
156 2640 305 2728 διηνεκὲς
336 2654 394 2729 τῆς
425 2656 493 2710 τῶν
525 2647 697 2728 αἰσθητῶν
728 2643 888 2728 γενέσεως
917 2642 1095 2727 ἐδήλωσεν,

80 2751 136 2844 ὅτι
160 2749 197 2816 έν
219 2758 266 2838 τῷ
289 2753 447 2835 γίνεσθαι
468 2753 506 2816 τὸ
531 2746 617 2816 εἶναι
640 2753 790 2836 ἔχουσιν·
812 2749 995 2834 ’γινόμενά
1021 2749 1095 2835 γάρ,
1110 2775 1139 2815 ιο

80 2860 201 2944 φησίν,
220 2856 287 2923 ’καί
310 2859 431 2943 γενητὰ
453 2856 584 2942 έφάνη’,
602 2856 777 2922 κάνταῦθα
798 2857 899 2923 πάλιν
921 2864 968 2944 τῷ
992 2856 1096 2941 ’γινό-

80 2964 179 3051 μενά
202 2962 365 3051 προσθεὶς
387 2965 425 3028 τὸ
449 2963 592 3048 (γενητά
618 2962 659 3028 οὑ
681 2963 798 3047 μάτην,
822 2960 891 3026 ἀλλ’
915 2963 972 3027 ἵνα
994 2963 1096 3027 πάλιν

82 3071 236 3157 δηλώση,
272 3070 317 3148 ὡς
348 3071 385 3135 τὸ
418 3073 574 3155 γίνεσθαι
607 3078 705 3136 τοῦτο
739 3068 780 3134 οὑ
812 3079 880 3132 τῶν
912 3066 945 3146 ἐξ
982 3068 1095 3135 ἀιδίου

81 3181 195 3246 ὄντων
221 3175 277 3243 καί
305 3175 456 3262 ἀνάρχως
483 3175 575 3241 έστίν
602 3175 685 3241 άλλά
707 3186 775 3240 τῶν
797 3174 903 3260 ἀρχὴν
925 3184 985 3241 τοῦ
1010 3172 1095 3240 εἶναι

82 3284 241 3371 ἐχόντων.
288 3282 459 3369 ἀμφότερα
482 3277 555 3367 οὑν,
578 3283 623 3360 ὡς
647 3278 752 3365 εἷπον,
774 3279 1018 3366 ὑποτιθέμενος
1040 3279 1096 3346 καί
1110 3307 1139 3356 τε

82 3392 146 3457 τὸν
172 3393 386 3476 προσήκοντα
414 3387 539 3476 ἑκάστῳ
567 3391 691 3475 χρόνον
719 3386 945 3472 ἀποδέδωκεν,
973 3397 1013 3474 τῇ
1035 3383 1098 3472 μὲν

81 3508 146 3564 τοῦ
179 3493 266 3563 εἶναι
299 3496 381 3582 ἀρχῇ
409 3496 446 3561 τὸ
475 3494 649 3580 γεγονέναι
677 3493 854 3581 (γέγονεν’
879 3494 958 3579 γάρ,
982 3498 1097 3578 φησίν,

83 3603 153 3672 ’ἀπ’
187 3605 289 3691 ἀρχῆς
318 3627 410 3681 τινος
442 3600 666 3689 άρξάμενος’),
698 3611 737 3687 τῇ
768 3597 806 3667 δὲ
833 3600 951 3685 ἐφεξῆς
978 3600 1099 3666 λοιπὸν

91 3838 95 3844 -
157 3804 182 3852 9.
202 3801 240 3885 ,τῷ
258 3796 302 3883 φλ]
321 3815 352 3850 το
371 3794 400 3849 Μ
454 3800 494 3883 ἰὺ.
516 3813 544 3850 τε
562 3811 614 3851 om.
630 3793 703 3853 Plat.
719 3793 793 3854 Tim.
809 3796 877 3854 28ss
934 3799 1127 3853 &Momm

81 3865 648 4017 νωκκίέιίκίίίιέό
690 3870 1074 4009 τιθλίὲλῗῑζὺθ·
1090 3865 1144 3932 θ
