2394 4208
58 564 98 619 w
114 565 159 636 ιε]
333 563 381 618 ου
399 560 656 618 mmmmm
674 560 795 616 mm
1001 560 1062 626 177

57 731 199 814 χόμενος
235 728 298 811 γὰρ
330 737 397 791 τῶν
428 724 504 812 περὶ
535 734 595 790 τοῦ
626 727 753 809 κόσμου
785 728 895 808 λόγον
927 724 944 790 ὁ
976 725 1065 811 παρὰ

60 835 217 900 Πλάτωνι
255 836 391 916 Τίμαιος
422 840 559 896 τοιαῦτα
591 832 671 895 ἅττα
703 830 807 914 φησίν
836 831 840 917 Ι
865 829 947 895 ’ἀλλ’
975 826 1119 896 &roma

60 943 236 1024 Σώκρατες
262 941 361 1003 τοῦτό
391 961 427 1022 γε
451 939 491 1022 δὴ
515 939 649 1020 πάντες,
673 938 745 1002 ὅσοι
768 940 850 1003 κατὰ
872 940 979 1023 βραχὺ
1003 956 1065 1003 σω·

59 1048 234 1133 φροσύνης
260 1044 469 1130 μετέχουσιν,
497 1042 550 1109 ἐπὶ
577 1045 700 1120 παντὸς
727 1043 811 1131 ὁρμῇ
838 1042 893 1109 καί
924 1053 1065 1129 σμικροῦ

59 1155 252 1239 πράγματος
274 1153 358 1216 θεὸν
382 1151 435 1216 ἀεί
454 1173 520 1217 που
543 1154 717 1217 καλοῦσιν·
735 1151 819 1236 ἡμᾶς
838 1148 874 1216 δὲ
893 1154 971 1228 τοὺς
989 1149 1065 1236 περὶ
1092 1178 1105 1220 ι

17 1277 21 1285 ·
59 1269 120 1325 τοῦ
148 1258 271 1336 παντὸς
298 1260 420 1340 λόγους
446 1261 620 1322 ποιεῖσθαί
640 1280 684 1342 πη
707 1258 896 1342 μέλλοντας,
921 1260 949 1322 εί
972 1256 1066 1340 γέγο-

58 1390 120 1432 νεν
147 1365 167 1448 ἢ
196 1362 250 1429 καί
274 1363 389 1447 ἀγενές
412 1362 511 1446 ἐστιν,
535 1364 629 1447 εἰμὴ
653 1366 861 1429 παντάπασιν
882 1364 1066 1448 παραλλατ-

61 1495 191 1557 τοιμεν,
228 1470 353 1554 ἀνάγκη
386 1470 490 1547 θεούς
520 1491 556 1533 τε
587 1468 641 1533 καί
673 1472 755 1546 θεός
787 1468 1067 1554 ἐπικαλουμένους

64 1581 222 1663 εὔχεσθαι
241 1579 349 1642 πάντα
367 1578 448 1640 κατὰ
466 1585 551 1641 νοῦν
574 1575 714 1653 ἐκείνοις
736 1573 798 1660 μὲν
819 1579 969 1661 μάλιστα,
992 1577 1067 1643 ε’πο-

59 1686 170 1770 μένως
197 1680 233 1749 δὲ
260 1684 340 1768 ἡμῖν
368 1682 494 1748 εἰπεῖν’.
540 1684 569 1747 εί
597 1677 660 1746 οὖν
686 1684 723 1746 τὸ
752 1681 803 1746 ἐπὶ
832 1684 955 1759 παντὸς
982 1683 1066 1769 ὁρμῇ
1081 1711 1108 1751 ιο

61 1790 118 1857 καί
147 1800 207 1855 τοῦ
232 1790 451 1875 σμικροτάτου
474 1790 559 1853 θεὸν
582 1787 809 1853 ἐπικαλεῖσθαι
833 1791 955 1866 παντός
978 1787 1069 1854 ἐστιν

61 1897 118 1962 καί
142 1906 202 1962 τοῦ
225 1899 307 1961 κατὰ
328 1898 436 1980 βραχὺ
460 1896 679 1979 σωφροσύνης
701 1893 903 1979 μετέχοντος,
928 1894 1008 1959 αὐτὸ
1032 1891 1070 1960 δὲ

62 2005 104 2086 δὴ
134 2012 232 2067 τοῦτο
260 2004 340 2086 <τὸ>
368 2000 421 2068 ἐπὶ
449 2002 533 2065 θεὸν
561 2000 792 2066 ἀνατείνεσθαι
815 1999 870 2065 καί
893 1999 946 2065 ἐπὶ
968 2010 1070 2065 πᾶσιν

61 2112 127 2193 τὴν
155 2108 187 2186 ἐξ
217 2109 320 2173 αὐτοῦ
349 2111 537 2192 συμμαχίαν
563 2111 678 2172 καλεῖν
704 2107 948 2191 ὁμολογοῦντός
980 2105 1070 2172 ἐστιν

62 2217 126 2299 τὴν
152 2217 288 2280 πάντων
316 2214 446 2279 ἐκείνου
470 2214 666 2278 δεσποτείαν
687 2236 721 2277 τε
744 2213 799 2278 καί
822 2213 927 2298 ἀρχὴν
949 2212 1003 2278 καί
1027 2215 1071 2291 ὡς
1085 2239 1112 2280 ιι

62 2321 198 2387 ἐκεῖθεν
227 2323 349 2387 ἅπασιν
379 2323 416 2385 τό
443 2343 477 2384 τε
506 2315 591 2384 εἶναι
619 2319 673 2384 καὶ
701 2321 737 2385 τὸ
766 2315 804 2385 εὖ
832 2316 916 2384 εἶναι
945 2319 1070 2405 ἐφήκει,

63 2441 136 2506 πῶς
166 2429 227 2494 οὐκ
255 2430 379 2511 ἄλογον
407 2429 473 2511 ἅμα
500 2425 554 2492 καὶ
577 2429 658 2491 κατὰ
681 2427 802 2492 ταύτὸν
824 2439 894 2503 τοῖς
917 2425 1071 2491 ἐναντιω-

62 2538 176 2612 τάτοις
208 2539 417 2620 περιπίπτειν
448 2534 508 2598 τὸν
536 2534 700 2598 Πλάτωνα
731 2532 960 2599 ἐπικαλεῖσθαι
988 2535 1072 2599 θεὸν

63 2642 207 2725 λέγοντα
231 2642 277 2717 είς
300 2643 361 2724 τὴν
382 2637 457 2723 περὶ
481 2648 540 2704 τοῦ
563 2640 686 2717 παντὸς
704 2639 831 2723 σκέψιν,
850 2647 914 2705 εῖτε
933 2640 968 2705 ἐκ
986 2645 1071 2704 θεοῦ

62 2751 128 2832 τὴν
154 2749 339 2813 ὑπόστασιν
368 2750 505 2829 εἴληφεν
537 2751 601 2810 εῖτε
633 2748 677 2829 μὴ
706 2745 775 2811 ἀλλ’
804 2747 904 2823 αὐτὸς
936 2746 1025 2832 αὑτῷ
1053 2745 1113 2811 ότι

63 2859 189 2939 κόσμος
212 2863 272 2919 τοῦ
301 2850 389 2918 εἶναί
410 2851 499 2917 ἐστιν
522 2858 640 2930 αῖτιος;
674 2853 791 2937 ὅμοιον
814 2855 887 2937 γάρ,
911 2853 955 2929 ὡς
978 2850 1020 2917 ἄν
1043 2858 1077 2917 εί

62 2986 117 3038 τις
145 2965 257 3044 ἔλεγεν
285 2961 357 3023 δεῖν
384 2960 444 3022 τὸν
472 2965 580 3023 αῖτιον
607 2968 666 3023 τοῦ
694 2961 816 3036 παντὸς
843 2958 1072 3023 ἐπικαλεῖσθαι

65 3069 115 3143 εἰς
139 3069 200 3150 τὴν
222 3065 296 3150 περὶ
321 3075 380 3130 τοῦ
403 3066 528 3142 παντὸς
551 3064 679 3147 σκέψιν,
698 3070 762 3129 είτε
782 3067 886 3141 αἴτιός
905 3064 995 3129 ἐστιν
1012 3074 1072 3129 τοῦ

63 3175 191 3249 παντὸς
219 3179 282 3244 είτε,
310 3178 362 3255 μή.
409 3171 469 3236 οὐκ
498 3172 561 3255 ἄρα
588 3171 624 3235 τὸ
649 3170 690 3235 ἐί
719 3170 856 3254 γέγονεν
878 3170 898 3253 ἢ
922 3169 976 3235 καί
1000 3169 1073 3253 ἀγέ-

63 3283 166 3362 νητός
198 3277 287 3343 ἐστιν
320 3277 338 3341 ὁ
370 3277 502 3360 κόσμος
537 3278 573 3341 τὸ
606 3275 673 3341 κατ’
707 3278 815 3342 αἰτίαν
847 3277 1019 3360 γεγονέναι
1051 3275 1114 3358 ἣτε

64 3385 231 3469 ἀγένητον
256 3379 341 3448 εἶναι
365 3388 516 3468 σημαίνει
540 3391 585 3469 τῷ
610 3384 776 3448 Πλάτωνι.
822 3386 935 3448 σκόπει
959 3379 995 3446 δὲ
1018 3379 1073 3446 καί

139 3620 164 3666 3.
185 3609 243 3666 ὅσοι
263 3613 310 3664 καί
329 3611 400 3664 κατὰ
418 3611 489 3666 Plat.
509 3611 578 3666 Tim.
599 3611 658 3664 270
717 3617 741 3664 4.
761 3612 809 3664 καὶ
828 3618 943 3679 σμικροῦ
962 3611 1009 3663 καί
1028 3627 1073 3677 με·

64 3683 154 3755 γάῖου
173 3683 244 3736 Plat.
337 3687 360 3735 6.
381 3680 409 3750 ἣι
428 3681 498 3736 ΡΙοῖ.
515 3683 573 3737 cod.
590 3680 677 3735 Paris.
692 3682 725 3748 A,
745 3680 761 3750 ἢ
781 3681 841 3736 cod.
860 3681 981 3735 Vindob.
1002 3680 1035 3748 Y,
1055 3675 1072 3747 ί]

65 3754 128 3810 cod.
149 3754 268 3822 Tubing.
347 3759 371 3807 7.
391 3758 415 3806 8.
434 3753 659 3820 παραίίάττομεν
677 3752 749 3806 Plat.
828 3758 868 3807 12.
888 3751 1073 3823 μετεχομσος]

65 3826 97 3881 Μ
160 3831 201 3878 13.
222 3825 268 3895 δὴ]
288 3827 328 3877 όει
349 3823 378 3877 M
440 3825 471 3878 τὸ
491 3824 588 3878 addidi
653 3829 693 3876 17.
713 3823 783 3877 κατὰ
802 3824 915 3895 ταύτὸν]
935 3842 1075 3877 καταυτον

35 4012 45 4024 θ
65 3932 97 3988 Μ
176 3936 219 3984 2ο.
238 3915 358 3984 καταίόιν
376 3930 405 3984 Μ

121 4031 229 4071 Icum
242 4031 394 4070 Pmotom
407 4029 441 4070 ed.
456 4030 539 4076 Rnbe.
898 4031 938 4081 1⁴2
