2394 4208
24 29 842 361 -
924 144 933 161 ι

910 172 918 191 ἱ

70 544 135 620 τε]
343 546 392 601 ου
410 545 668 602 mmmmm
686 545 807 637 mm
1016 547 1077 611 111

73 707 253 794 τοῦτομὲν
280 709 418 794 ἀληθές,
446 709 611 794 ἐνδέχεται
639 707 677 774 δὲ
700 708 753 775 ἐπὶ
781 721 848 775 τῶν
875 721 1005 793 νοητῶν
1027 708 1083 774 καὶ

74 816 120 883 ἐπὶ
143 823 230 882 θεοῦ
254 816 363 899 λέγειν
384 816 480 900 ἡμᾶς,
503 817 547 893 ὡς
569 813 613 900 ήν
636 816 653 881 ὁ
676 818 758 894 θεὸς
780 814 836 881 καὶ
858 816 939 902 πρὶν
961 817 1039 880 τόδε
1061 814 1080 898 ή

73 925 144 990 τόδε
167 922 342 1008 γενέσθαι,
368 921 424 988 καὶ
452 925 574 988 τούτου
601 927 728 1008 πλήρης
756 922 846 989 ἐστὶν
869 923 910 987 οὑ
933 926 1039 1007 μόνον
1061 922 1081 1006 ή

73 1033 163 1114 κοινή
186 1041 256 1095 τῶν
273 1029 464 1114 ἀνθρώπων
483 1033 647 1114 συνήθεια
666 1030 749 1094 ἀλλά
767 1028 822 1094 καὶ
840 1030 860 1114 ἡ
879 1041 947 1094 τῶν
965 1040 1082 1111 σοφῶν

73 1139 178 1202 ἅπασα
202 1146 317 1221 χρῆσις
339 1133 445 1221 (ἔστιν
467 1137 530 1222 γὰρ
555 1136 609 1201 ὅτε
632 1137 739 1213 άλλως
756 1137 840 1221 ήμᾶς
859 1136 983 1221 φράσαι
1002 1134 1082 1199 άδύ-
1109 1160 1123 1201 ο

74 1268 172 1309 νατον
195 1244 252 1307 διά
274 1244 335 1325 τήν
357 1254 425 1307 τῶν
447 1241 673 1326 ὑποκειμένων
691 1244 893 1328 πραγμάτων
911 1239 1082 1328 δήλωσιν),

74 1350 132 1415 οὑκ
154 1351 221 1435 ἄρα
242 1349 280 1413 τὸ
303 1345 356 1433 ήν,
380 1349 468 1425 ὅπως
491 1347 533 1413 ὑν
555 1348 609 1413 καὶ
630 1348 680 1433 ἐφ’
701 1344 741 1413 οὑ
761 1349 803 1413 άν
821 1354 936 1435 λεχθῇ,
959 1353 1083 1437 χρόνον

73 1458 201 1533 πάντως
224 1453 357 1532 εἰσάξει·
386 1454 456 1520 ἐπεὶ
478 1454 534 1520 καὶ
557 1454 697 1540 λέγομεν
722 1455 773 1519 ὅτι
795 1450 850 1539 <ήν
873 1458 1004 1541 χρόνος’
1028 1455 1082 1521 καὶ

75 1563 112 1628 οὑ
139 1565 250 1647 δήπου
279 1561 454 1627 κάνταῦθα
481 1564 604 1647 χρόνον
635 1563 819 1645 δηλωτικόν
847 1562 935 1628 ἐστιν
963 1565 999 1628 τὸ
1027 1560 1082 1647 ήν·

75 1671 157 1735 οὑτω
181 1671 246 1755 γάρ
269 1667 312 1732 ἂν
335 1670 397 1734 δύο
416 1671 548 1734 ἔσονται
565 1671 632 1753 άμα
650 1671 776 1754 χρόνοι,
799 1668 898 1746 αὑτός
917 1693 951 1734 τε
970 1670 988 1734 ὁ
1008 1672 1082 1754 χρό-
1097 1697 1125 1736 ιο

76 1799 139 1857 νος,
163 1769 205 1840 οὑ
228 1776 266 1839 τὸ
289 1771 333 1859 ήν
354 1778 640 1861 κατηγορήσαμεν,
667 1774 722 1840 καὶ
750 1775 830 1840 αὐτὸ
854 1776 891 1839 τὸ
919 1772 975 1858 ήν·
1003 1776 1082 1860 ὅπερ

75 1883 206 1947 ἄτοπον.
252 1880 307 1947 καὶ
329 1892 417 1968 τρεῖς
441 1879 478 1946 δὲ
496 1884 627 1948 ἔσονται
648 1885 763 1967 χρόνοι
782 1883 858 1966 ἅμα,
881 1884 910 1946 εἰ
929 1883 1015 1947 οὑτω
1035 1906 1084 1959 τις

76 1994 160 2053 ελποι
183 1989 235 2053 ὅτι
258 1984 312 2072 “ήν
334 1991 468 2074 χρόνος,
496 1989 550 2054 ὅτε
573 1989 753 2075 Σωκράτης
780 1984 832 2071 ἦν’
862 1999 928 2052 τῶν
956 1989 1018 2053 δύο
1042 1985 1084 2071 ήν

77 2091 214 2160 ἑκάστου
239 2096 308 2180 ἰδίᾳ
330 2107 490 2181 χρονικῶς
515 2093 716 2178 νοουμένου·
744 2093 814 2159 ἀλλ’
838 2090 928 2179 οἶμαι
952 2099 1085 2178 γελοῖον

75 2198 115 2265 άν
137 2202 176 2264 τὸ
200 2209 332 2266 τοιοῦτο
355 2200 454 2266 παντὶ
473 2204 607 2284 φανείη·
631 2199 801 2285 ἐπινοήσαι
820 2203 883 2286 γὰρ
903 2203 945 2265 άν
962 2224 1012 2277 τις
1030 2199 1084 2265 καὶ
1100 2226 1126 2266 τε

74 2309 234 2391 τέσσαρας
261 2305 298 2372 ἐν
319 2307 428 2394 ταύτῷ
456 2309 599 2392 χρόνους
626 2306 680 2372 καὶ
706 2308 803 2373 πέντε
830 2309 1025 2385 τοσαυτάκις
1047 2309 1084 2373 τὸ

75 2409 116 2496 ήν
140 2413 178 2478 ἐν
200 2421 259 2500 μιᾷ
281 2414 401 2499 φράσει
420 2416 523 2496 λόγου
541 2417 751 2499 παραλαβών.
788 2417 818 2480 ελ
836 2420 953 2480 τοίνυν
971 2425 1086 2496 σαφῶς

76 2519 128 2585 ἐπὶ
161 2532 229 2585 τῶν
261 2519 442 2605 εἰρημένων
473 2520 725 2604 ὑποδειγμάτων
757 2524 794 2586 τὸ
824 2518 866 2605 ἦν
896 2524 1000 2606 μόνης
1028 2530 1086 2603 τῆς

74 2624 246 2711 ὑπάρξεως
272 2637 341 2690 τῶν
366 2625 593 2710 ὑποκειμένων
621 2628 803 2711 δηλωτικόν
830 2627 934 2710 ἐστιν,
962 2629 1085 2713 χρόνου

75 2729 113 2798 δὲ
137 2732 291 2815 οὐδενός,
318 2732 381 2797 οὑκ
403 2735 467 2817 άρα
488 2734 525 2797 τὸ
549 2729 606 2817 ήν,
634 2733 710 2798 καθ’
734 2729 775 2799 οὗ
802 2733 844 2799 ἂν
872 2736 1003 2817 λέγηται
1030 2730 1086 2796 καὶ
1100 2758 1128 2796 ιο

75 2839 166 2916 ὅπως
188 2841 241 2922 άν,
264 2841 386 2924 χρόνον
408 2841 539 2916 πάντως
561 2841 711 2924 δηλώσει.
747 2843 827 2905 κατά
845 2842 904 2905 τὸν
923 2840 1026 2904 αὑτὸν
1044 2841 1085 2922 δή

75 2949 202 3030 τρόπον
225 2942 305 3010 οὐδε
326 2947 365 3010 τὸ
389 2948 478 3011 ἔσται
501 2946 598 3030 όήμα,
620 2945 696 3011 καθ’
720 2941 761 3011 οὗ
780 2946 822 3013 δν
840 2947 982 3030 λέγηται,
1004 2948 1093 3041 πάνῑ

74 3076 141 3130 τως
163 3051 245 3116 αὑτὸ
268 3050 344 3117 καθ’
364 3053 444 3118 αὑτὸ
464 3056 586 3137 χρόνον
605 3063 713 3136 τμήμα
730 3055 768 3116 τὸ
786 3053 907 3137 μέλλον
925 3058 1087 3138 σημαίνει,

75 3157 133 3224 καὶ
147 3159 204 3223 διὰ
222 3167 321 3223 τοῦτο
335 3161 501 3241 λεγόντων
518 3159 622 3243 ἡμῶν,
645 3160 674 3223 ελ
689 3159 775 3223 οὕτω
789 3160 893 3242 τύχοι,
917 3159 967 3223 ὅτι
984 3160 1087 3225 εἔσται

75 3266 133 3330 ὅτε
156 3265 219 3329 οὑκ
241 3267 332 3329 ἔστω
355 3265 484 3349 χρόνος’
509 3262 604 3330 αὑτοὶ
621 3266 659 3328 τὸ
679 3269 768 3330 ἔσται
787 3266 834 3342 εἰς
852 3268 975 3349 χρόνον
992 3289 1087 3350 μετα·
1102 3291 1129 3332 τε

75 3372 304 3455 λαμβάνοντες
333 3372 553 3455 συνάγουσιν,
585 3372 636 3436 ότι
664 3375 753 3437 ἔσται
780 3375 912 3457 χρόνος,
945 3373 999 3436 ὑτε
1026 3371 1088 3435 οὐκ

74 3481 170 3544 ἔσται
192 3480 325 3563 χρόνος·
354 3477 412 3544 ἐάν
434 3502 483 3555 τις
511 3479 615 3555 οὑτως
638 3478 905 3562 ἀποφαινόμενος
928 3484 1014 3542 εἴποι
1037 3478 1088 3542 ὅτι

74 3585 202 3670 Ἷόσπερ
217 3580 260 3667 ήν
274 3587 393 3670 χρόνος
409 3584 463 3649 καλ
483 3588 572 3650 ἔστιν
590 3594 654 3649 νῦν
673 3588 802 3670 χρόνος,
820 3585 906 3650 οὑτω
925 3583 980 3649 καὶ
999 3587 1088 3650 ἔσται

153 3853 195 3902 16.
214 3847 335 3918 πανήή,
355 3863 388 3901 ex
405 3867 429 3916 η,
447 3847 479 3900 Μ
564 3853 604 3904 25,
627 3855 668 3906 26.
689 3851 1038 3929 μεταλαμβανονήτεςήὺἱ

76 3925 124 3974 27,
142 3917 203 3970 ἰωή,
222 3916 274 3969 ἐάν
291 3916 383 3988 (γάρ)
403 3937 444 3981 τις
463 3918 507 3974 Vel
525 3919 585 3978 tale
603 3923 675 3995 quid
