<?xml version="1.0" encoding="UTF-8"?>
<!DOCTYPE html PUBLIC "-//W3C//DTD XHTML 1.0 Transitional//EN"
    "http://www.w3.org/TR/xhtml1/DTD/xhtml1-transitional.dtd">
<html xmlns="http://www.w3.org/1999/xhtml" xml:lang="en" lang="en">
 <head>
  <title>
</title>
<meta http-equiv="Content-Type" content="text/html;charset=utf-8" />
  <meta name='ocr-system' content='tesseract 3.04.00' />
  <meta name='ocr-capabilities' content='ocr_page ocr_carea ocr_par ocr_line ocrx_word'/>
</head>
<body>
  <div class='ocr_page' id='page_1' title='image "./ioannesphilopon00philgoog_0228.png"; bbox 0 0 2394 4208; ppageno 0'>
   <div class='ocr_carea' id='block_1_1' title="bbox 10 25 884 355">
    <p class='ocr_par' dir='ltr' id='par_1_1' title="bbox 10 25 884 355">
     <span class='ocr_line' id='line_1_1' title="bbox 10 25 884 355; baseline -0.005 -1"><span class='ocrx_word' id='word_1_1' title='bbox 10 25 884 355; x_wconf 79' lang='lat'><em>-</em></span> 
     </span>
     <span class='ocr_line' id='line_1_2' title="bbox 809 146 833 193; baseline 0 -28"><span class='ocrx_word' id='word_1_2' title='bbox 809 146 833 193; x_wconf 18' lang='grc' dir='ltr'><strong><em>ς,</em></strong></span> 
     </span>
    </p>
   </div>
   <div class='ocr_carea' id='block_1_2' title="bbox 82 589 1086 664">
    <p class='ocr_par' dir='ltr' id='par_1_2' title="bbox 82 589 1086 664">
     <span class='ocr_line' id='line_1_3' title="bbox 82 589 1086 664; baseline 0.007 -15"><span class='ocrx_word' id='word_1_3' title='bbox 82 594 122 649; x_wconf 85' lang='lat' dir='ltr'><strong><em>VI</em></strong></span> <span class='ocrx_word' id='word_1_4' title='bbox 137 595 181 664; x_wconf 79' lang='lat'><strong><em>27]</em></strong></span> <span class='ocrx_word' id='word_1_5' title='bbox 347 592 395 647; x_wconf 82' lang='lat' dir='ltr'><strong><em>DE</em></strong></span> <span class='ocrx_word' id='word_1_6' title='bbox 414 591 671 647; x_wconf 79' lang='lat' dir='ltr'><strong>AETERNITA&#39;I&#39;E</strong></span> <span class='ocrx_word' id='word_1_7' title='bbox 689 591 810 648; x_wconf 84' lang='lat' dir='ltr'>MVNDI</span> <span class='ocrx_word' id='word_1_8' title='bbox 1021 589 1086 655; x_wconf 74' lang='lat'><strong><em>213</em></strong></span> 
     </span>
    </p>
   </div>
   <div class='ocr_carea' id='block_1_3' title="bbox 79 752 1143 3603">
    <p class='ocr_par' dir='ltr' id='par_1_3' title="bbox 79 752 1143 1693">
     <span class='ocr_line' id='line_1_4' title="bbox 83 752 1089 842; baseline -0.004 -21"><span class='ocrx_word' id='word_1_9' title='bbox 83 756 138 822; x_wconf 84' lang='grc' dir='ltr'><strong><em>καὶ</em></strong></span> <span class='ocrx_word' id='word_1_10' title='bbox 171 757 227 821; x_wconf 82' lang='grc' dir='ltr'><strong><em>διά</em></strong></span> <span class='ocrx_word' id='word_1_11' title='bbox 258 756 425 842; x_wconf 79' lang='grc' dir='ltr'><em>περιόδων</em></span> <span class='ocrx_word' id='word_1_12' title='bbox 455 757 557 821; x_wconf 90' lang='grc' dir='ltr'><strong><em>πάλιν</em></strong></span> <span class='ocrx_word' id='word_1_13' title='bbox 586 766 688 821; x_wconf 90' lang='grc' dir='ltr'><strong><em>τινῶν</em></strong></span> <span class='ocrx_word' id='word_1_14' title='bbox 720 759 874 839; x_wconf 90' lang='grc' dir='ltr'><strong><em>γίνεσθαι</em></strong></span> <span class='ocrx_word' id='word_1_15' title='bbox 903 752 958 819; x_wconf 80' lang='grc' dir='ltr'><strong><em>καὶ</em></strong></span> <span class='ocrx_word' id='word_1_16' title='bbox 987 754 1089 818; x_wconf 90' lang='grc' dir='ltr'><strong><em>πάλιν</em></strong></span> 
     </span>
     <span class='ocr_line' id='line_1_5' title="bbox 84 857 1088 948; baseline -0.004 -20"><span class='ocrx_word' id='word_1_17' title='bbox 84 867 288 948; x_wconf 76' lang='grc' dir='ltr'><strong><em>φθείρεσθαι</em></strong></span> <span class='ocrx_word' id='word_1_18' title='bbox 311 860 366 926; x_wconf 84' lang='grc' dir='ltr'><strong><em>καλ</em></strong></span> <span class='ocrx_word' id='word_1_19' title='bbox 389 871 487 927; x_wconf 86' lang='grc' dir='ltr'><strong><em>τοῦτο</em></strong></span> <span class='ocrx_word' id='word_1_20' title='bbox 511 861 621 927; x_wconf 84' lang='grc' dir='ltr'><strong><em>άίδιον</em></strong></span> <span class='ocrx_word' id='word_1_21' title='bbox 644 857 729 926; x_wconf 86' lang='grc' dir='ltr'><strong><em>εἶναι</em></strong></span> <span class='ocrx_word' id='word_1_22' title='bbox 752 859 807 926; x_wconf 80' lang='grc' dir='ltr'><strong><em>καὶ</em></strong></span> <span class='ocrx_word' id='word_1_23' title='bbox 830 862 877 938; x_wconf 80' lang='grc' dir='ltr'><strong><em>είς</em></strong></span> <span class='ocrx_word' id='word_1_24' title='bbox 900 860 961 944; x_wconf 83' lang='grc' dir='ltr'><strong><em>άεί,</em></strong></span> <span class='ocrx_word' id='word_1_25' title='bbox 979 861 1088 946; x_wconf 82' lang='grc' dir='ltr'><strong><em>ὥσπερ</em></strong></span> 
     </span>
     <span class='ocr_line' id='line_1_6' title="bbox 79 966 1090 1054; baseline -0.003 -20"><span class='ocrx_word' id='word_1_26' title='bbox 79 968 304 1054; x_wconf 77' lang='grc' dir='ltr'><strong><em>Ἐμπεδοκλῆς</em></strong></span> <span class='ocrx_word' id='word_1_27' title='bbox 322 966 376 1033; x_wconf 79' lang='grc' dir='ltr'><strong><em>καί</em></strong></span> <span class='ocrx_word' id='word_1_28' title='bbox 387 966 609 1054; x_wconf 86' lang='grc' dir='ltr'><strong><em>Ἡράκλειτος</em></strong></span> <span class='ocrx_word' id='word_1_29' title='bbox 633 969 754 1050; x_wconf 79' lang='grc' dir='ltr'><strong><em>ταύτης</em></strong></span> <span class='ocrx_word' id='word_1_30' title='bbox 776 966 817 1032; x_wconf 82' lang='grc' dir='ltr'><strong><em>δέ</em></strong></span> <span class='ocrx_word' id='word_1_31' title='bbox 836 984 941 1051; x_wconf 91' lang='grc' dir='ltr'><strong><em>φησιν</em></strong></span> <span class='ocrx_word' id='word_1_32' title='bbox 958 976 1016 1051; x_wconf 77' lang='grc' dir='ltr'><strong><em>τῆς</em></strong></span> <span class='ocrx_word' id='word_1_33' title='bbox 1035 966 1090 1032; x_wconf 88' lang='grc' dir='ltr'><strong><em>δό-</em></strong></span> 
     </span>
     <span class='ocr_line' id='line_1_7' title="bbox 84 1072 1091 1160; baseline -0.003 -20"><span class='ocrx_word' id='word_1_34' title='bbox 84 1075 142 1160; x_wconf 86' lang='grc' dir='ltr'><strong><em>ξης</em></strong></span> <span class='ocrx_word' id='word_1_35' title='bbox 170 1074 225 1140; x_wconf 84' lang='grc' dir='ltr'><strong><em>καὶ</em></strong></span> <span class='ocrx_word' id='word_1_36' title='bbox 255 1077 334 1151; x_wconf 88' lang='grc' dir='ltr'><strong><em>τοὺς</em></strong></span> <span class='ocrx_word' id='word_1_37' title='bbox 364 1078 535 1152; x_wconf 87' lang='grc' dir='ltr'><strong><em>Στωικοὺς</em></strong></span> <span class='ocrx_word' id='word_1_38' title='bbox 565 1074 758 1158; x_wconf 76' lang='grc' dir='ltr'><strong><em>γεγονέναι’.</em></strong></span> <span class='ocrx_word' id='word_1_39' title='bbox 812 1072 868 1138; x_wconf 88' lang='grc' dir='ltr'><strong><em>καλ</em></strong></span> <span class='ocrx_word' id='word_1_40' title='bbox 899 1072 966 1158; x_wconf 89' lang='grc' dir='ltr'><strong><em>μετ’</em></strong></span> <span class='ocrx_word' id='word_1_41' title='bbox 995 1073 1091 1156; x_wconf 92' lang='grc' dir='ltr'><strong><em>όλίγα</em></strong></span> 
     </span>
     <span class='ocr_line' id='line_1_8' title="bbox 85 1178 1131 1265; baseline 0.001 -18"><span class='ocrx_word' id='word_1_42' title='bbox 85 1182 132 1247; x_wconf 66' lang='lat' dir='ltr'><strong><em>‘ol</em></strong></span> <span class='ocrx_word' id='word_1_43' title='bbox 155 1178 192 1247; x_wconf 67' lang='grc' dir='ltr'><strong><em>δὲ</em></strong></span> <span class='ocrx_word' id='word_1_44' title='bbox 216 1182 356 1264; x_wconf 92' lang='grc' dir='ltr'><strong><em>γενητὸν</em></strong></span> <span class='ocrx_word' id='word_1_45' title='bbox 374 1180 527 1265; x_wconf 80' lang='grc' dir='ltr'><strong><em>λε’γοντες</em></strong></span> <span class='ocrx_word' id='word_1_46' title='bbox 546 1181 649 1246; x_wconf 86' lang='grc' dir='ltr'><strong><em>αὐτὸν</em></strong></span> <span class='ocrx_word' id='word_1_47' title='bbox 667 1181 721 1245; x_wconf 82' lang='grc' dir='ltr'><strong><em>καὶ</em></strong></span> <span class='ocrx_word' id='word_1_48' title='bbox 740 1182 895 1265; x_wconf 92' lang='grc' dir='ltr'><strong><em>φθαρτὸν</em></strong></span> <span class='ocrx_word' id='word_1_49' title='bbox 913 1181 958 1257; x_wconf 81' lang='grc' dir='ltr'><strong><em>ὡς</em></strong></span> <span class='ocrx_word' id='word_1_50' title='bbox 976 1179 1091 1245; x_wconf 83' lang='grc' dir='ltr'><strong><em>ὁτιοῦν</em></strong></span> <span class='ocrx_word' id='word_1_51' title='bbox 1118 1207 1131 1248; x_wconf 84' lang='grc' dir='ltr'><strong><em>ο</em></strong></span> 
     </span>
     <span class='ocr_line' id='line_1_9' title="bbox 85 1284 1143 1373; baseline -0.009 -20"><span class='ocrx_word' id='word_1_52' title='bbox 85 1291 167 1353; x_wconf 86' lang='grc' dir='ltr'><strong><em>άλλο</em></strong></span> <span class='ocrx_word' id='word_1_53' title='bbox 192 1288 197 1370; x_wconf 73' lang='grc' dir='ltr'><strong><em>λ</em></strong></span> <span class='ocrx_word' id='word_1_54' title='bbox 221 1298 289 1352; x_wconf 92' lang='grc' dir='ltr'><strong><em>τῶν</em></strong></span> <span class='ocrx_word' id='word_1_55' title='bbox 315 1288 563 1372; x_wconf 81' lang='grc' dir='ltr'><strong><em>συνισταμένων</em></strong></span> <span class='ocrx_word' id='word_1_56' title='bbox 591 1284 658 1352; x_wconf 82' lang='grc' dir='ltr'><strong><em>εἷεν</em></strong></span> <span class='ocrx_word' id='word_1_57' title='bbox 685 1286 727 1351; x_wconf 80' lang='grc' dir='ltr'><strong><em>δν</em></strong></span> <span class='ocrx_word' id='word_1_58' title='bbox 755 1289 787 1352; x_wconf 78' lang='grc' dir='ltr'><strong><em>οἱ</em></strong></span> <span class='ocrx_word' id='word_1_59' title='bbox 814 1285 889 1373; x_wconf 78' lang='grc' dir='ltr'><strong><em>περὶ</em></strong></span> <span class='ocrx_word' id='word_1_60' title='bbox 917 1288 1028 1370; x_wconf 87' lang='grc' dir='ltr'><strong><em>Λημό-</em></strong></span> <span class='ocrx_word' id='word_1_61' title='bbox 1045 1301 1143 1347; x_wconf 55' lang='lat' dir='ltr'><strong>tomen</strong></span> 
     </span>
     <span class='ocr_line' id='line_1_10' title="bbox 85 1388 1092 1480; baseline -0.004 -21"><span class='ocrx_word' id='word_1_62' title='bbox 85 1413 214 1480; x_wconf 87' lang='grc' dir='ltr'><strong><em>κριτον·</em></strong></span> <span class='ocrx_word' id='word_1_63' title='bbox 247 1395 355 1479; x_wconf 81' lang='grc' dir='ltr'><strong><em>ὥσπερ</em></strong></span> <span class='ocrx_word' id='word_1_64' title='bbox 384 1396 446 1479; x_wconf 84' lang='grc' dir='ltr'><strong><em>γὰρ</em></strong></span> <span class='ocrx_word' id='word_1_65' title='bbox 477 1391 615 1459; x_wconf 80' lang='grc' dir='ltr'><strong><em>ἕκαστον</em></strong></span> <span class='ocrx_word' id='word_1_66' title='bbox 646 1404 713 1457; x_wconf 89' lang='grc' dir='ltr'><strong><em>τῶν</em></strong></span> <span class='ocrx_word' id='word_1_67' title='bbox 743 1394 852 1457; x_wconf 77' lang='grc' dir='ltr'><strong><em>ἄλλων</em></strong></span> <span class='ocrx_word' id='word_1_68' title='bbox 882 1395 1007 1475; x_wconf 88' lang='grc' dir='ltr'><strong><em>γίνεται</em></strong></span> <span class='ocrx_word' id='word_1_69' title='bbox 1036 1388 1092 1456; x_wconf 84' lang='grc' dir='ltr'><strong><em>καλ</em></strong></span> 
     </span>
     <span class='ocr_line' id='line_1_11' title="bbox 86 1497 1093 1590; baseline -0.003 -25"><span class='ocrx_word' id='word_1_70' title='bbox 86 1505 262 1586; x_wconf 79' lang='grc' dir='ltr'><strong><em>φθείρεται</em></strong></span> <span class='ocrx_word' id='word_1_71' title='bbox 281 1498 349 1565; x_wconf 87' lang='grc' dir='ltr'><strong><em>κατ’</em></strong></span> <span class='ocrx_word' id='word_1_72' title='bbox 369 1500 505 1584; x_wconf 86' lang='grc' dir='ltr'><strong><em>αὐτούς,</em></strong></span> <span class='ocrx_word' id='word_1_73' title='bbox 525 1500 611 1564; x_wconf 83' lang='grc' dir='ltr'><strong><em>οὕτω</em></strong></span> <span class='ocrx_word' id='word_1_74' title='bbox 631 1500 671 1582; x_wconf 83' lang='grc' dir='ltr'><strong><em>δὴ</em></strong></span> <span class='ocrx_word' id='word_1_75' title='bbox 691 1497 831 1563; x_wconf 78' lang='grc' dir='ltr'><strong><em>καὶτῶν</em></strong></span> <span class='ocrx_word' id='word_1_76' title='bbox 849 1501 981 1582; x_wconf 89' lang='grc' dir='ltr'><strong><em>κόσμων</em></strong></span> <span class='ocrx_word' id='word_1_77' title='bbox 1003 1497 1093 1590; x_wconf 85' lang='grc' dir='ltr'><strong><em>άπεί-</em></strong></span> 
     </span>
     <span class='ocr_line' id='line_1_12' title="bbox 87 1605 335 1693; baseline -0.004 -21"><span class='ocrx_word' id='word_1_78' title='bbox 87 1631 157 1693; x_wconf 92' lang='grc' dir='ltr'><strong><em>ρων</em></strong></span> <span class='ocrx_word' id='word_1_79' title='bbox 179 1605 335 1684; x_wconf 79' lang='grc' dir='ltr'><strong><em>ἕκαστος’</em></strong></span> 
     </span>
    </p>

    <p class='ocr_par' dir='ltr' id='par_1_4' title="bbox 151 1710 1134 1799">
     <span class='ocr_line' id='line_1_13' title="bbox 151 1710 1134 1799; baseline 0.003 -22"><span class='ocrx_word' id='word_1_80' title='bbox 151 1711 399 1799; x_wconf 82' lang='grc' dir='ltr'><strong><em>Ἀριστοτέλους</em></strong></span> <span class='ocrx_word' id='word_1_81' title='bbox 421 1714 461 1778; x_wconf 83' lang='grc' dir='ltr'><strong><em>τά</em></strong></span> <span class='ocrx_word' id='word_1_82' title='bbox 484 1711 600 1797; x_wconf 81' lang='grc' dir='ltr'><strong><em>ἐφεξῆς</em></strong></span> <span class='ocrx_word' id='word_1_83' title='bbox 623 1722 693 1790; x_wconf 84' lang='grc' dir='ltr'><strong><em>τοῖς</em></strong></span> <span class='ocrx_word' id='word_1_84' title='bbox 714 1710 952 1798; x_wconf 79' lang='grc' dir='ltr'><strong><em>προκειμένοις.</em></strong></span> <span class='ocrx_word' id='word_1_85' title='bbox 1108 1739 1134 1780; x_wconf 84' lang='lat'><strong><em>10</em></strong></span> 
     </span>
    </p>

    <p class='ocr_par' dir='ltr' id='par_1_5' title="bbox 87 1811 1136 2329">
     <span class='ocr_line' id='line_1_14' title="bbox 156 1811 1094 1903; baseline -0.004 -19"><span class='ocrx_word' id='word_1_86' title='bbox 156 1819 217 1884; x_wconf 76' lang='lat' dir='ltr'><strong><em>‘To</em></strong></span> <span class='ocrx_word' id='word_1_87' title='bbox 245 1816 306 1903; x_wconf 68' lang='grc' dir='ltr'><strong><em>μὲν</em></strong></span> <span class='ocrx_word' id='word_1_88' title='bbox 335 1814 397 1885; x_wconf 85' lang='grc' dir='ltr'><strong><em>οὖν</em></strong></span> <span class='ocrx_word' id='word_1_89' title='bbox 425 1818 582 1902; x_wconf 79' lang='grc' dir='ltr'><strong><em>γενέσθαι</em></strong></span> <span class='ocrx_word' id='word_1_90' title='bbox 609 1815 671 1903; x_wconf 71' lang='grc' dir='ltr'><strong><em>μὲν</em></strong></span> <span class='ocrx_word' id='word_1_91' title='bbox 698 1818 809 1883; x_wconf 84' lang='grc' dir='ltr'><strong><em>άίδιον</em></strong></span> <span class='ocrx_word' id='word_1_92' title='bbox 837 1815 866 1882; x_wconf 90' lang='grc' dir='ltr'><strong><em>δ’</em></strong></span> <span class='ocrx_word' id='word_1_93' title='bbox 895 1817 982 1901; x_wconf 84' lang='grc' dir='ltr'><strong><em>ὅμως</em></strong></span> <span class='ocrx_word' id='word_1_94' title='bbox 1009 1811 1094 1881; x_wconf 80' lang='grc' dir='ltr'><strong><em>εἶναι</em></strong></span> 
     </span>
     <span class='ocr_line' id='line_1_15' title="bbox 89 1921 1094 2010; baseline -0.005 -20"><span class='ocrx_word' id='word_1_95' title='bbox 89 1927 194 2010; x_wconf 81' lang='grc' dir='ltr'><strong><em>φάναι</em></strong></span> <span class='ocrx_word' id='word_1_96' title='bbox 222 1936 290 1990; x_wconf 89' lang='grc' dir='ltr'><strong><em>τῶν</em></strong></span> <span class='ocrx_word' id='word_1_97' title='bbox 316 1925 506 1991; x_wconf 71' lang='grc' dir='ltr'><strong><em>ἀδυνάτων*</em></strong></span> <span class='ocrx_word' id='word_1_98' title='bbox 533 1928 619 2009; x_wconf 92' lang='grc' dir='ltr'><strong><em>μόνα</em></strong></span> <span class='ocrx_word' id='word_1_99' title='bbox 646 1927 708 2010; x_wconf 79' lang='grc' dir='ltr'><strong><em>γὰρ</em></strong></span> <span class='ocrx_word' id='word_1_100' title='bbox 736 1933 838 1990; x_wconf 91' lang='grc' dir='ltr'><strong><em>ταῦτα</em></strong></span> <span class='ocrx_word' id='word_1_101' title='bbox 860 1921 979 1989; x_wconf 78' lang='grc' dir='ltr'><strong><em>θετέον</em></strong></span> <span class='ocrx_word' id='word_1_102' title='bbox 1002 1921 1094 1986; x_wconf 88' lang='grc' dir='ltr'><strong><em>εὐλό-</em></strong></span> 
     </span>
     <span class='ocr_line' id='line_1_16' title="bbox 87 2030 1095 2117; baseline -0.007 -19"><span class='ocrx_word' id='word_1_103' title='bbox 87 2057 170 2116; x_wconf 87' lang='grc' dir='ltr'><strong><em>γως,</em></strong></span> <span class='ocrx_word' id='word_1_104' title='bbox 198 2032 260 2097; x_wconf 79' lang='grc' dir='ltr'><strong><em>ὅσα</em></strong></span> <span class='ocrx_word' id='word_1_105' title='bbox 286 2030 360 2117; x_wconf 77' lang='grc' dir='ltr'><strong><em>περὶ</em></strong></span> <span class='ocrx_word' id='word_1_106' title='bbox 388 2036 522 2097; x_wconf 80' lang='grc' dir='ltr'><strong><em>πολλῶν</em></strong></span> <span class='ocrx_word' id='word_1_107' title='bbox 544 2031 564 2114; x_wconf 77' lang='grc' dir='ltr'><em>ἢ</em></span> <span class='ocrx_word' id='word_1_108' title='bbox 588 2033 722 2096; x_wconf 91' lang='grc' dir='ltr'><strong><em>πάντων</em></strong></span> <span class='ocrx_word' id='word_1_109' title='bbox 744 2031 874 2116; x_wconf 86' lang='grc' dir='ltr'><strong><em>ὁρῶμεν</em></strong></span> <span class='ocrx_word' id='word_1_110' title='bbox 896 2030 1095 2115; x_wconf 84' lang='grc' dir='ltr'><strong><em>ὑπάρχοντα,</em></strong></span> 
     </span>
     <span class='ocr_line' id='line_1_17' title="bbox 90 2134 1096 2224; baseline -0.005 -20"><span class='ocrx_word' id='word_1_111' title='bbox 90 2137 167 2224; x_wconf 79' lang='grc' dir='ltr'><strong><em>περὶ</em></strong></span> <span class='ocrx_word' id='word_1_112' title='bbox 191 2134 227 2203; x_wconf 74' lang='grc' dir='ltr'><strong><em>δὲ</em></strong></span> <span class='ocrx_word' id='word_1_113' title='bbox 250 2140 372 2203; x_wconf 83' lang='grc' dir='ltr'><strong><em>τούτου</em></strong></span> <span class='ocrx_word' id='word_1_114' title='bbox 395 2141 571 2222; x_wconf 80' lang='grc' dir='ltr'><strong><em>συμβαίνει</em></strong></span> <span class='ocrx_word' id='word_1_115' title='bbox 594 2138 806 2203; x_wconf 87' lang='grc' dir='ltr'><strong><em>τούναντίον·</em></strong></span> <span class='ocrx_word' id='word_1_116' title='bbox 829 2136 957 2203; x_wconf 81' lang='grc' dir='ltr'><strong><em>ἅπαντα</em></strong></span> <span class='ocrx_word' id='word_1_117' title='bbox 975 2136 1038 2219; x_wconf 83' lang='grc' dir='ltr'><strong><em>γάρ</em></strong></span> <span class='ocrx_word' id='word_1_118' title='bbox 1056 2135 1096 2199; x_wconf 87' lang='grc' dir='ltr'><strong><em>τδι</em></strong></span> 
     </span>
     <span class='ocr_line' id='line_1_18' title="bbox 88 2243 1136 2329; baseline 0 -18"><span class='ocrx_word' id='word_1_119' title='bbox 88 2246 249 2329; x_wconf 91' lang='grc' dir='ltr'><strong><em>γινόμενα</em></strong></span> <span class='ocrx_word' id='word_1_120' title='bbox 271 2243 326 2309; x_wconf 86' lang='grc' dir='ltr'><strong><em>καλ</em></strong></span> <span class='ocrx_word' id='word_1_121' title='bbox 350 2247 559 2329; x_wconf 80' lang='grc' dir='ltr'><strong><em>φθειρόμενα</em></strong></span> <span class='ocrx_word' id='word_1_122' title='bbox 582 2244 754 2328; x_wconf 89' lang='grc' dir='ltr'><strong><em>φαίνεται.’</em></strong></span> <span class='ocrx_word' id='word_1_123' title='bbox 1110 2269 1136 2311; x_wconf 79' lang='lat'><strong><em>15</em></strong></span> 
     </span>
    </p>

    <p class='ocr_par' dir='ltr' id='par_1_6' title="bbox 154 2348 556 2435">
     <span class='ocr_line' id='line_1_19' title="bbox 154 2348 556 2435; baseline 0.002 -21"><span class='ocrx_word' id='word_1_124' title='bbox 154 2348 373 2435; x_wconf 84' lang='grc' dir='ltr'><strong><em>Ἀλεξάνδρου</em></strong></span> <span class='ocrx_word' id='word_1_125' title='bbox 397 2348 556 2434; x_wconf 80' lang='grc' dir='ltr'><strong><em>ἐξήγησις.</em></strong></span> 
     </span>
    </p>

    <p class='ocr_par' dir='ltr' id='par_1_7' title="bbox 91 2451 1143 3603">
     <span class='ocr_line' id='line_1_20' title="bbox 158 2451 1098 2541; baseline -0.003 -20"><span class='ocrx_word' id='word_1_126' title='bbox 158 2455 375 2540; x_wconf 68' lang='grc' dir='ltr'><strong><em>’Ἐκθέμενος</em></strong></span> <span class='ocrx_word' id='word_1_127' title='bbox 406 2458 464 2533; x_wconf 82' lang='grc' dir='ltr'><strong><em>τὰς</em></strong></span> <span class='ocrx_word' id='word_1_128' title='bbox 496 2455 593 2534; x_wconf 83' lang='grc' dir='ltr'><strong><em>δόξας</em></strong></span> <span class='ocrx_word' id='word_1_129' title='bbox 626 2458 683 2534; x_wconf 83' lang='grc' dir='ltr'><strong><em>τὰς</em></strong></span> <span class='ocrx_word' id='word_1_130' title='bbox 712 2466 779 2521; x_wconf 91' lang='grc' dir='ltr'><strong><em>τῶν</em></strong></span> <span class='ocrx_word' id='word_1_131' title='bbox 807 2457 871 2541; x_wconf 86' lang='grc' dir='ltr'><strong><em>πρὸ</em></strong></span> <span class='ocrx_word' id='word_1_132' title='bbox 907 2454 1025 2538; x_wconf 87' lang='grc' dir='ltr'><strong><em>αὑτοῦ,</em></strong></span> <span class='ocrx_word' id='word_1_133' title='bbox 1060 2451 1098 2530; x_wconf 77' lang='grc' dir='ltr'><strong><em>ἃς</em></strong></span> 
     </span>
     <span class='ocr_line' id='line_1_21' title="bbox 91 2558 1097 2649; baseline -0.006 -20"><span class='ocrx_word' id='word_1_134' title='bbox 91 2558 183 2648; x_wconf 75' lang='grc' dir='ltr'><strong><em>εἶχον</em></strong></span> <span class='ocrx_word' id='word_1_135' title='bbox 206 2561 281 2649; x_wconf 82' lang='grc' dir='ltr'><strong><em>περὶ</em></strong></span> <span class='ocrx_word' id='word_1_136' title='bbox 304 2571 363 2627; x_wconf 85' lang='grc' dir='ltr'><strong><em>τοῦ</em></strong></span> <span class='ocrx_word' id='word_1_137' title='bbox 386 2565 524 2646; x_wconf 89' lang='grc' dir='ltr'><strong><em>κόσμον,</em></strong></span> <span class='ocrx_word' id='word_1_138' title='bbox 547 2561 602 2628; x_wconf 84' lang='grc' dir='ltr'><strong><em>καλ</em></strong></span> <span class='ocrx_word' id='word_1_139' title='bbox 626 2567 739 2646; x_wconf 75' lang='grc' dir='ltr'><strong><em>ζητῶν,</em></strong></span> <span class='ocrx_word' id='word_1_140' title='bbox 757 2566 792 2627; x_wconf 90' lang='grc' dir='ltr'><strong><em>τί</em></strong></span> <span class='ocrx_word' id='word_1_141' title='bbox 811 2566 919 2639; x_wconf 88' lang='grc' dir='ltr'><strong><em>καλῶς</em></strong></span> <span class='ocrx_word' id='word_1_142' title='bbox 941 2558 1097 2642; x_wconf 74' lang='grc' dir='ltr'><strong><em>αὐτοίςῆ</em></strong></span> 
     </span>
     <span class='ocr_line' id='line_1_22' title="bbox 92 2667 1099 2754; baseline -0.005 -20"><span class='ocrx_word' id='word_1_143' title='bbox 92 2674 128 2735; x_wconf 88' lang='grc' dir='ltr'><strong><em>τί</em></strong></span> <span class='ocrx_word' id='word_1_144' title='bbox 148 2671 192 2753; x_wconf 77' lang='grc' dir='ltr'><strong><em>μὴ</em></strong></span> <span class='ocrx_word' id='word_1_145' title='bbox 215 2673 322 2746; x_wconf 87' lang='grc' dir='ltr'><strong><em>καλῶς</em></strong></span> <span class='ocrx_word' id='word_1_146' title='bbox 345 2675 486 2753; x_wconf 77' lang='grc' dir='ltr'><strong><em>εἴρηται,</em></strong></span> <span class='ocrx_word' id='word_1_147' title='bbox 504 2680 638 2754; x_wconf 92' lang='grc' dir='ltr'><strong><em>πρῶτον</em></strong></span> <span class='ocrx_word' id='word_1_148' title='bbox 655 2668 743 2753; x_wconf 80' lang='grc' dir='ltr'><strong><em>λέγει</em></strong></span> <span class='ocrx_word' id='word_1_149' title='bbox 762 2670 845 2753; x_wconf 89' lang='grc' dir='ltr'><strong><em>πρὸς</em></strong></span> <span class='ocrx_word' id='word_1_150' title='bbox 863 2670 941 2745; x_wconf 83' lang='grc' dir='ltr'><strong><em>τοὺς</em></strong></span> <span class='ocrx_word' id='word_1_151' title='bbox 960 2667 1099 2751; x_wconf 84' lang='grc' dir='ltr'><strong><em>γενητὸν</em></strong></span> 
     </span>
     <span class='ocr_line' id='line_1_23' title="bbox 91 2769 1142 2860; baseline 0.001 -19"><span class='ocrx_word' id='word_1_152' title='bbox 91 2773 154 2860; x_wconf 72' lang='grc' dir='ltr'><strong><em>μὲν</em></strong></span> <span class='ocrx_word' id='word_1_153' title='bbox 177 2774 280 2840; x_wconf 87' lang='grc' dir='ltr'><strong><em>αὐτὸν</em></strong></span> <span class='ocrx_word' id='word_1_154' title='bbox 302 2784 482 2853; x_wconf 82' lang='grc' dir='ltr'><strong><em>ποιοῦντας</em></strong></span> <span class='ocrx_word' id='word_1_155' title='bbox 504 2777 682 2860; x_wconf 78' lang='grc' dir='ltr'><strong><em>ἄφθαρτον</em></strong></span> <span class='ocrx_word' id='word_1_156' title='bbox 710 2773 760 2858; x_wconf 80' lang='grc' dir='ltr'><strong><em>δέ,</em></strong></span> <span class='ocrx_word' id='word_1_157' title='bbox 789 2769 837 2839; x_wconf 84' lang='grc' dir='ltr'><strong><em>ὧν</em></strong></span> <span class='ocrx_word' id='word_1_158' title='bbox 859 2769 945 2857; x_wconf 76' lang='grc' dir='ltr'><strong><em>ἦσαν</em></strong></span> <span class='ocrx_word' id='word_1_159' title='bbox 967 2774 999 2838; x_wconf 85' lang='grc' dir='ltr'><strong><em>ολ</em></strong></span> <span class='ocrx_word' id='word_1_160' title='bbox 1021 2779 1100 2838; x_wconf 88' lang='grc' dir='ltr'><strong><em>θεο·</em></strong></span> <span class='ocrx_word' id='word_1_161' title='bbox 1113 2800 1142 2842; x_wconf 83' lang='grc' dir='ltr'><strong><em>ιο</em></strong></span> 
     </span>
     <span class='ocr_line' id='line_1_24' title="bbox 92 2875 1101 2966; baseline -0.004 -20"><span class='ocrx_word' id='word_1_162' title='bbox 92 2885 204 2966; x_wconf 80' lang='grc' dir='ltr'><strong><em>λόγοι,</em></strong></span> <span class='ocrx_word' id='word_1_163' title='bbox 236 2882 280 2958; x_wconf 85' lang='grc' dir='ltr'><strong><em>ὡς</em></strong></span> <span class='ocrx_word' id='word_1_164' title='bbox 310 2877 420 2965; x_wconf 81' lang='grc' dir='ltr'><strong><em>εἶπον,</em></strong></span> <span class='ocrx_word' id='word_1_165' title='bbox 449 2880 504 2946; x_wconf 85' lang='grc' dir='ltr'><strong><em>καλ</em></strong></span> <span class='ocrx_word' id='word_1_166' title='bbox 535 2882 691 2964; x_wconf 82' lang='grc' dir='ltr'><strong><em>Πλάτων,</em></strong></span> <span class='ocrx_word' id='word_1_167' title='bbox 721 2875 769 2945; x_wconf 85' lang='grc' dir='ltr'><strong><em>ὧν</em></strong></span> <span class='ocrx_word' id='word_1_168' title='bbox 798 2878 853 2944; x_wconf 84' lang='grc' dir='ltr'><strong><em>καλ</em></strong></span> <span class='ocrx_word' id='word_1_169' title='bbox 879 2890 1013 2964; x_wconf 90' lang='grc' dir='ltr'><strong><em>πρῶτον</em></strong></span> <span class='ocrx_word' id='word_1_170' title='bbox 1040 2879 1101 2962; x_wconf 82' lang='grc' dir='ltr'><strong><em>τὴν</em></strong></span> 
     </span>
     <span class='ocr_line' id='line_1_25' title="bbox 94 2983 1101 3072; baseline -0.001 -19"><span class='ocrx_word' id='word_1_171' title='bbox 94 2985 198 3066; x_wconf 86' lang='grc' dir='ltr'><strong><em>δόξαν</em></strong></span> <span class='ocrx_word' id='word_1_172' title='bbox 226 2989 331 3053; x_wconf 84' lang='grc' dir='ltr'><strong><em>ἔθετο.</em></strong></span> <span class='ocrx_word' id='word_1_173' title='bbox 377 2988 427 3053; x_wconf 87' lang='grc' dir='ltr'><strong><em>ὄτι</em></strong></span> <span class='ocrx_word' id='word_1_174' title='bbox 455 2989 517 3072; x_wconf 84' lang='grc' dir='ltr'><strong><em>γάρ</em></strong></span> <span class='ocrx_word' id='word_1_175' title='bbox 546 2986 600 3052; x_wconf 84' lang='grc' dir='ltr'><strong><em>καὶ</em></strong></span> <span class='ocrx_word' id='word_1_176' title='bbox 624 2987 767 3051; x_wconf 91' lang='grc' dir='ltr'><strong><em>Πλάτων</em></strong></span> <span class='ocrx_word' id='word_1_177' title='bbox 793 2986 892 3070; x_wconf 79' lang='grc' dir='ltr'><strong><em>τῆσδε</em></strong></span> <span class='ocrx_word' id='word_1_178' title='bbox 919 2997 976 3071; x_wconf 80' lang='grc' dir='ltr'><strong><em>τῆς</em></strong></span> <span class='ocrx_word' id='word_1_179' title='bbox 1003 2983 1101 3069; x_wconf 81' lang='grc' dir='ltr'><strong><em>δόξης</em></strong></span> 
     </span>
     <span class='ocr_line' id='line_1_26' title="bbox 92 3091 1102 3178; baseline -0.003 -19"><span class='ocrx_word' id='word_1_180' title='bbox 92 3093 148 3159; x_wconf 85' lang='grc' dir='ltr'><strong><em>καλ</em></strong></span> <span class='ocrx_word' id='word_1_181' title='bbox 177 3093 253 3178; x_wconf 82' lang='grc' dir='ltr'><strong><em>οὐχ,</em></strong></span> <span class='ocrx_word' id='word_1_182' title='bbox 277 3093 322 3170; x_wconf 82' lang='grc' dir='ltr'><strong><em>ὡς</em></strong></span> <span class='ocrx_word' id='word_1_183' title='bbox 348 3092 437 3170; x_wconf 77' lang='grc' dir='ltr'><strong><em>τινές</em></strong></span> <span class='ocrx_word' id='word_1_184' title='bbox 459 3109 564 3177; x_wconf 90' lang='grc' dir='ltr'><strong><em>φασιν</em></strong></span> <span class='ocrx_word' id='word_1_185' title='bbox 586 3103 653 3158; x_wconf 89' lang='grc' dir='ltr'><strong><em>τῶν</em></strong></span> <span class='ocrx_word' id='word_1_186' title='bbox 676 3096 912 3175; x_wconf 81' lang='grc' dir='ltr'><strong><em>Πλατωνικῶν,</em></strong></span> <span class='ocrx_word' id='word_1_187' title='bbox 940 3091 1102 3176; x_wconf 77' lang='grc' dir='ltr'><strong><em>ἀγένητον</em></strong></span> 
     </span>
     <span class='ocr_line' id='line_1_27' title="bbox 95 3196 1102 3284; baseline -0.005 -18"><span class='ocrx_word' id='word_1_188' title='bbox 95 3203 176 3266; x_wconf 84' lang='grc' dir='ltr'><strong><em>ὄντα</em></strong></span> <span class='ocrx_word' id='word_1_189' title='bbox 198 3200 258 3264; x_wconf 88' lang='grc' dir='ltr'><strong><em>τὸν</em></strong></span> <span class='ocrx_word' id='word_1_190' title='bbox 280 3202 407 3282; x_wconf 85' lang='grc' dir='ltr'><strong><em>κόσμον</em></strong></span> <span class='ocrx_word' id='word_1_191' title='bbox 429 3197 498 3262; x_wconf 85' lang='grc' dir='ltr'><strong><em>κατ’</em></strong></span> <span class='ocrx_word' id='word_1_192' title='bbox 522 3199 625 3264; x_wconf 86' lang='grc' dir='ltr'><strong><em>αὐτὸν</em></strong></span> <span class='ocrx_word' id='word_1_193' title='bbox 648 3199 788 3282; x_wconf 90' lang='grc' dir='ltr'><strong><em>γενητὸν</em></strong></span> <span class='ocrx_word' id='word_1_194' title='bbox 810 3196 968 3281; x_wconf 78' lang='grc' dir='ltr'><strong><em>λέγεσθαι</em></strong></span> <span class='ocrx_word' id='word_1_195' title='bbox 995 3206 1041 3284; x_wconf 77' lang='grc' dir='ltr'><strong><em>τῷ</em></strong></span> <span class='ocrx_word' id='word_1_196' title='bbox 1064 3196 1102 3262; x_wconf 82' lang='grc' dir='ltr'><strong><em>ἐν</em></strong></span> 
     </span>
     <span class='ocr_line' id='line_1_28' title="bbox 94 3299 1143 3390; baseline 0.002 -19"><span class='ocrx_word' id='word_1_197' title='bbox 94 3305 221 3390; x_wconf 81' lang='grc' dir='ltr'><strong><em>γενέσει</em></strong></span> <span class='ocrx_word' id='word_1_198' title='bbox 249 3306 285 3368; x_wconf 90' lang='grc' dir='ltr'><strong><em>τὸ</em></strong></span> <span class='ocrx_word' id='word_1_199' title='bbox 314 3299 401 3369; x_wconf 87' lang='grc' dir='ltr'><strong><em>εἶναι</em></strong></span> <span class='ocrx_word' id='word_1_200' title='bbox 429 3307 527 3390; x_wconf 81' lang='grc' dir='ltr'><strong><em>ἔχειν,</em></strong></span> <span class='ocrx_word' id='word_1_201' title='bbox 554 3303 587 3383; x_wconf 81' lang='grc' dir='ltr'><strong><em>ἐξ</em></strong></span> <span class='ocrx_word' id='word_1_202' title='bbox 611 3305 721 3369; x_wconf 87' lang='grc' dir='ltr'><strong><em>αὐτῶν</em></strong></span> <span class='ocrx_word' id='word_1_203' title='bbox 743 3315 811 3369; x_wconf 92' lang='grc' dir='ltr'><strong><em>τῶν</em></strong></span> <span class='ocrx_word' id='word_1_204' title='bbox 832 3305 897 3369; x_wconf 86' lang='grc' dir='ltr'><strong><em>ὑπὸ</em></strong></span> <span class='ocrx_word' id='word_1_205' title='bbox 922 3305 1103 3379; x_wconf 89' lang='grc' dir='ltr'><strong><em>Πλάτωνος</em></strong></span> <span class='ocrx_word' id='word_1_206' title='bbox 1116 3330 1143 3372; x_wconf 82' lang='grc' dir='ltr'><strong><em>ω</em></strong></span> 
     </span>
     <span class='ocr_line' id='line_1_29' title="bbox 95 3407 1103 3498; baseline -0.004 -21"><span class='ocrx_word' id='word_1_207' title='bbox 95 3411 133 3477; x_wconf 77' lang='grc' dir='ltr'><strong><em>ἐν</em></strong></span> <span class='ocrx_word' id='word_1_208' title='bbox 156 3419 201 3498; x_wconf 77' lang='grc' dir='ltr'><strong><em>τῷ</em></strong></span> <span class='ocrx_word' id='word_1_209' title='bbox 230 3414 354 3498; x_wconf 85' lang='grc' dir='ltr'><strong><em>Τιμαίφ</em></strong></span> <span class='ocrx_word' id='word_1_210' title='bbox 377 3410 566 3496; x_wconf 79' lang='grc' dir='ltr'><strong><em>λεγομένων</em></strong></span> <span class='ocrx_word' id='word_1_211' title='bbox 584 3416 744 3498; x_wconf 92' lang='grc' dir='ltr'><strong><em>γνωρίσαι</em></strong></span> <span class='ocrx_word' id='word_1_212' title='bbox 763 3434 813 3488; x_wconf 94' lang='grc' dir='ltr'><strong><em>τις</em></strong></span> <span class='ocrx_word' id='word_1_213' title='bbox 832 3413 886 3476; x_wconf 81' lang='grc' dir='ltr'><strong><em>άν·</em></strong></span> <span class='ocrx_word' id='word_1_214' title='bbox 904 3412 942 3476; x_wconf 91' lang='grc' dir='ltr'><strong><em>τὸ</em></strong></span> <span class='ocrx_word' id='word_1_215' title='bbox 960 3407 1103 3495; x_wconf 74' lang='grc' dir='ltr'><strong><em>μὲνγὰρ</em></strong></span> 
     </span>
     <span class='ocr_line' id='line_1_30' title="bbox 96 3511 1099 3603; baseline -0.003 -20"><span class='ocrx_word' id='word_1_216' title='bbox 96 3518 203 3595; x_wconf 80' lang='grc' dir='ltr'><strong><em>οὕτως</em></strong></span> <span class='ocrx_word' id='word_1_217' title='bbox 231 3520 386 3603; x_wconf 92' lang='grc' dir='ltr'><strong><em>γενητόν,</em></strong></span> <span class='ocrx_word' id='word_1_218' title='bbox 415 3519 459 3596; x_wconf 80' lang='grc' dir='ltr'><strong><em>ὡς</em></strong></span> <span class='ocrx_word' id='word_1_219' title='bbox 486 3513 579 3584; x_wconf 85' lang='grc' dir='ltr'><strong><em>οὗτοι</em></strong></span> <span class='ocrx_word' id='word_1_220' title='bbox 607 3520 785 3601; x_wconf 79' lang='grc' dir='ltr'><strong><em>βούλονται</em></strong></span> <span class='ocrx_word' id='word_1_221' title='bbox 814 3519 873 3582; x_wconf 86' lang='grc' dir='ltr'><strong><em>τὸν</em></strong></span> <span class='ocrx_word' id='word_1_222' title='bbox 895 3519 1021 3600; x_wconf 88' lang='grc' dir='ltr'><strong><em>κόσμον</em></strong></span> <span class='ocrx_word' id='word_1_223' title='bbox 1043 3511 1099 3580; x_wconf 64' lang='grc' dir='ltr'><strong><em>ὑπ’</em></strong></span> 
     </span>
    </p>
   </div>
   <div class='ocr_carea' id='block_1_4' title="bbox 154 3742 1167 4046">
    <p class='ocr_par' dir='ltr' id='par_1_8' title="bbox 169 3742 1103 3813">
     <span class='ocr_line' id='line_1_31' title="bbox 169 3742 1103 3813; baseline -0.003 -14"><span class='ocrx_word' id='word_1_224' title='bbox 169 3753 194 3800; x_wconf 95' lang='grc'><strong><em>3.</em></strong></span> <span class='ocrx_word' id='word_1_225' title='bbox 213 3746 283 3800; x_wconf 79' lang='lat' dir='ltr'>haec</span> <span class='ocrx_word' id='word_1_226' title='bbox 301 3744 347 3798; x_wconf 86' lang='lat' dir='ltr'><strong><em>vix</em></strong></span> <span class='ocrx_word' id='word_1_227' title='bbox 367 3761 435 3799; x_wconf 69' lang='lat' dir='ltr'><strong><em>sana</em></strong></span> <span class='ocrx_word' id='word_1_228' title='bbox 524 3751 566 3800; x_wconf 90' lang='grc'><strong><em>10</em></strong></span> <span class='ocrx_word' id='word_1_229' title='bbox 585 3744 669 3799; x_wconf 80' lang='lat' dir='ltr'>Arist.</span> <span class='ocrx_word' id='word_1_230' title='bbox 694 3745 728 3799; x_wconf 82' lang='lat' dir='ltr'><strong><em>de</em></strong></span> <span class='ocrx_word' id='word_1_231' title='bbox 753 3742 1103 3813; x_wconf 76' lang='lat' dir='ltr'>caeloA10p2&#39;19b1&#39;(</span> 
     </span>
    </p>

    <p class='ocr_par' dir='ltr' id='par_1_9' title="bbox 154 3762 1145 4046">
     <span class='ocr_line' id='line_1_32' title="bbox 172 3762 1127 3903; baseline -0.001 -34"><span class='ocrx_word' id='word_1_232' title='bbox 172 3822 271 3903; x_wconf 63' lang='grc'>1313</span> <span class='ocrx_word' id='word_1_233' title='bbox 291 3813 409 3885; x_wconf 75' lang='grc' dir='ltr'><strong><em>εὐλόγως</em></strong></span> <span class='ocrx_word' id='word_1_234' title='bbox 426 3815 502 3870; x_wconf 76' lang='lat' dir='ltr'><strong>Arist</strong></span> <span class='ocrx_word' id='word_1_235' title='bbox 490 3817 522 3889; x_wconf 82' lang='grc'><strong><em>3]</em></strong></span> <span class='ocrx_word' id='word_1_236' title='bbox 541 3819 592 3872; x_wconf 87' lang='grc' dir='ltr'><strong><em>αλο</em></strong></span> <span class='ocrx_word' id='word_1_237' title='bbox 594 3837 648 3888; x_wconf 86' lang='grc' dir='ltr'><strong><em>γως</em></strong></span> <span class='ocrx_word' id='word_1_238' title='bbox 665 3816 694 3872; x_wconf 84' lang='grc' dir='ltr'><strong>Μ</strong></span> <span class='ocrx_word' id='word_1_239' title='bbox 768 3822 813 3874; x_wconf 75' lang='lat'><strong><em>13</em></strong></span> <span class='ocrx_word' id='word_1_240' title='bbox 833 3815 881 3873; x_wconf 72' lang='grc' dir='ltr'><strong><em>ἐπὶ</em></strong></span> <span class='ocrx_word' id='word_1_241' title='bbox 898 3762 1012 3872; x_wconf 62' lang='grc' dir='ltr'><strong><em>πολλῶν</em></strong></span> <span class='ocrx_word' id='word_1_242' title='bbox 1035 3811 1127 3867; x_wconf 50' lang='lat' dir='ltr'><strong><em>mk</em></strong></span> 
     </span>
     <span class='ocr_line' id='line_1_33' title="bbox 167 3885 1145 3954; baseline -0.002 -17"><span class='ocrx_word' id='word_1_243' title='bbox 167 3893 206 3938; x_wconf 76' lang='grc' dir='ltr'><strong><em>ιν,</em></strong></span> <span class='ocrx_word' id='word_1_244' title='bbox 227 3885 257 3937; x_wconf 75' lang='grc' dir='ltr'><strong><em>τί</em></strong></span> <span class='ocrx_word' id='word_1_245' title='bbox 271 3903 321 3940; x_wconf 86' lang='lat' dir='ltr'><strong><em>om</em></strong></span> <span class='ocrx_word' id='word_1_246' title='bbox 339 3889 375 3953; x_wconf 80' lang='grc' dir='ltr'><strong><em>μί</em></strong></span> <span class='ocrx_word' id='word_1_247' title='bbox 445 3893 486 3943; x_wconf 76' lang='lat'><strong><em>20</em></strong></span> <span class='ocrx_word' id='word_1_248' title='bbox 508 3894 552 3946; x_wconf 82' lang='lat'><strong><em>21.</em></strong></span> <span class='ocrx_word' id='word_1_249' title='bbox 573 3889 750 3951; x_wconf 77' lang='grc' dir='ltr'><strong><em>οἱπλεῖστοι</em></strong></span> <span class='ocrx_word' id='word_1_250' title='bbox 768 3902 827 3953; x_wconf 87' lang='grc' dir='ltr'><strong><em>τῶν</em></strong></span> <span class='ocrx_word' id='word_1_251' title='bbox 847 3888 938 3950; x_wconf 74' lang='grc' dir='ltr'><strong><em>θεολό</em></strong></span> <span class='ocrx_word' id='word_1_252' title='bbox 959 3909 1001 3944; x_wconf 81' lang='grc' dir='ltr'><strong><em>ων</em></strong></span> <span class='ocrx_word' id='word_1_253' title='bbox 1018 3890 1094 3954; x_wconf 70' lang='lat' dir='ltr'><strong><em>‘m</em></strong></span> <span class='ocrx_word' id='word_1_254' title='bbox 1100 3885 1145 3935; x_wconf 65' lang='lat' dir='ltr'><strong><em>‘n</em></strong></span> 
     </span>
     <span class='ocr_line' id='line_1_34' title="bbox 154 3913 1167 4046; baseline 0.019 -45"><span class='ocrx_word' id='word_1_255' title='bbox 154 3959 193 4003; x_wconf 79' lang='lat'><strong><em>21</em></strong></span> <span class='ocrx_word' id='word_1_256' title='bbox 214 3962 326 4018; x_wconf 83' lang='grc' dir='ltr'><strong><em>πρῶτον</em></strong></span> <span class='ocrx_word' id='word_1_257' title='bbox 341 3962 506 4026; x_wconf 73' lang='lat' dir='ltr'>suspectum</span> <span class='ocrx_word' id='word_1_258' title='bbox 528 3966 577 4036; x_wconf 77' lang='lat' dir='ltr'><strong><em>(an</em></strong></span> <span class='ocrx_word' id='word_1_259' title='bbox 599 3969 759 4046; x_wconf 59' lang='grc' dir='ltr'><strong><em>πρώτωνη)</em></strong></span> <span class='ocrx_word' id='word_1_260' title='bbox 817 3976 866 4029; x_wconf 64' lang='lat' dir='ltr'><strong><em>‘2ss</em></strong></span> <span class='ocrx_word' id='word_1_261' title='bbox 881 3913 1094 4041; x_wconf 41' lang='lat' dir='ltr'><strong><em>mgb&amp;</em></strong></span> <span class='ocrx_word' id='word_1_262' title='bbox 1054 3947 1167 4023; x_wconf 51' lang='grc' dir='ltr'><strong><em>ὒῖΧἊ</em></strong></span> 
     </span>
    </p>
   </div>
   <div class='ocr_carea' id='block_1_5' title="bbox 0 0 1218 4208">
    <p class='ocr_par' dir='ltr' id='par_1_10' title="bbox 0 0 1218 4208">
     <span class='ocr_line' id='line_1_35' title="bbox 0 0 1218 4208; baseline 0 0"><span class='ocrx_word' id='word_1_263' title='bbox 0 0 1218 4208; x_wconf 95' lang='lat' dir='ltr'><strong><em> </em></strong></span> 
     </span>
    </p>
   </div>
  </div>
 </body>
</html>
