2394 4208
820 32 829 37 “
856 32 871 83 Τ

10 31 852 355 -

87 575 189 650 τιτι]
354 574 404 630 ωτι
421 573 679 631 mmmm
697 574 819 630 Μτωωι
1030 574 1096 640 229

87 739 178 805 οὕτω
204 735 267 822 μὲν
293 733 357 804 οὖν
383 736 439 803 καὶ
468 738 505 802 ἐν
531 739 663 815 τούτοις
691 737 709 803 ὁ
738 739 881 804 Πλάτων
908 738 1096 821 συμφώνως

88 837 141 922 οἷς
169 843 206 910 ἐκ
231 853 292 910 τού
321 848 461 930 Τιμαίου
488 843 705 930 παρεθέμεθα
726 846 764 911 τὸ
787 842 849 930 μὲν
871 844 1097 909 ἀναλλοίωτον

87 950 144 1016 καὶ
177 950 229 1017 ἀεὶ
259 953 342 1016 κατὰ
370 952 411 1016 τά
440 950 523 1016 αὐτά
552 949 608 1016 καὶ
638 952 795 1029 ὡσαύτως
824 955 911 1036 ἐχειν
942 953 1027 1036 μόνη
1057 958 1096 1035 τῇ

87 1067 192 1144 νοητη
219 1057 274 1123 καὶ
301 1062 381 1144 θείᾳ
406 1067 580 1145 προσῆψεν
608 1058 722 1144 οὐσία,
748 1067 859 1123 πᾶσαν
886 1054 923 1123 δέ
950 1058 1012 1141 τὴν
1034 1073 1097 1122 σω-

88 1165 231 1248 ματικὴν
263 1165 369 1248 φύσιν
401 1164 442 1229 ού
474 1165 595 1248 ταύτης
627 1160 716 1229 εἶναί
744 1182 848 1248 φησιν
879 1174 937 1248 της
967 1161 1095 1240 τάξεως.
1123 1187 1137 1230 ε

89 1271 175 1336 ὅθεν
196 1269 251 1336 καλ
274 1271 312 1336 τὸ
336 1267 555 1356 σωματοειδὲς
576 1280 637 1336 τοῦ
660 1273 787 1354 κόσμου
805 1273 986 1355 μεταβολῆς
1004 1270 1098 1354 ἀμοι-

89 1401 152 1463 ρον
175 1373 261 1442 εἶναι
285 1379 323 1443 τὸ
345 1379 482 1462 πάμπαν
505 1377 673 1443 ἀδύνατον
695 1377 897 1461 ἀπεφήνατο,
920 1374 989 1441 ἀλλ’
1017 1376 1099 1441 ὅταν

87 1485 126 1548 τὸ
149 1494 321 1571 προσηκον
343 1485 406 1568 ἤδη
429 1487 554 1570 χρόνον
577 1484 700 1569 μέτρον
718 1485 752 1548 al
770 1484 920 1571 περίοδοι
939 1484 1099 1567 λάβωσιν,

88 1593 164 1656 τότε
187 1591 229 1674 δὴ
252 1590 377 1677 τροπὰς
399 1588 454 1654 καὶ
477 1591 660 1674 μεταβολὰς
682 1591 719 1654 τὸ
742 1598 809 1654 πᾶν
830 1587 1019 1673 ὑπομένειν,
1042 1587 1098 1653 καὶ

88 1706 188 1762 τοῦτο
216 1698 318 1762 πάλιν
345 1694 382 1761 ἐκ
408 1706 476 1760 τῶν
504 1697 604 1781 ἱερῶν
627 1697 826 1781 γραμμάτων
849 1693 1097 1778 ἀναλεξάμενος,
1111 1720 1138 1760 ιο

88 1803 135 1881 ὡς
156 1807 266 1880 καλῶς
287 1826 376 1880 τινες
397 1813 466 1867 τῶν
486 1801 655 1888 ἡμετέρων
678 1802 937 1887 ἐπεσημήναντο·
968 1801 1005 1865 τὸ
1035 1801 1097 1886 γὰρ

89 1914 292 1993 συγκυκλείν
314 1906 376 1994 μέν
398 1910 458 1974 τὸν
481 1909 629 1993 ούρανὸν
650 1908 706 1974 καὶ
727 1911 829 1974 πάλιν
856 1907 995 1991 ἀνιέναι,
1018 1907 1099 1971 ὅταν

88 2016 152 2100 ἦάη
184 2016 222 2080 τὸ
246 2025 418 2102 προσῆκον
440 2017 474 2080 αί
496 2016 649 2102 περίοδοι
671 2019 795 2101 χρόνου
818 2017 944 2098 λάβωσι
966 2012 1099 2100 μέτρον,

90 2125 126 2186 τί
146 2123 227 2186 ἀλλο
252 2120 343 2186 ἐστὶν
365 2121 386 2205 ἣ
409 2122 447 2186 τὸ
471 2119 550 2187 ὡσεὶ
567 2124 783 2208 περιβόλαιον
801 2123 1000 2187 εῐλίττεσθαι
1019 2122 1098 2197 τοὺς

89 2227 257 2315 οὐρανοὺς
286 2225 342 2292 καὶ
372 2226 605 2308 ἀλλάττεσθαι;
642 2227 712 2292 ἀλλ’
745 2228 858 2313 ἐπειδὴ
889 2229 991 2293 πάλιν
1020 2226 1097 2310 ἀκη-
1111 2248 1138 2290 ιτ

88 2335 175 2411 κοὼς
203 2333 221 2399 ὁ
246 2335 389 2399 Πλάτων
415 2334 452 2399 τὸ
476 2334 639 2400 “θάνατον
666 2335 728 2420 γὰρ
757 2334 775 2400 ὁ
798 2336 879 2412 θεὸς
902 2335 965 2400 οὐκ
988 2332 1098 2416 ἐποίη-

89 2441 160 2506 σεν’
183 2439 239 2505 καὶ
262 2442 299 2505 τὸ
324 2440 467 2505 ζἐκτισεν
490 2442 537 2518 είς
559 2441 597 2506 τὸ
620 2436 706 2506 εἶναι
729 2442 769 2505 τά
788 2441 908 2506 πάντα’
926 2441 1098 2506 ἀθάνατον

88 2545 174 2635 ᾤετο
197 2548 271 2612 θεῖν
293 2548 330 2611 τὸ
354 2557 421 2612 πᾶν
444 2548 624 2632 διαμένειν,
647 2549 758 2632 ἀκουε,
780 2558 850 2625 πῶς
871 2549 973 2613 πάλιν
996 2546 1097 2633 ἐντῷ

89 2653 180 2741 αὐτῷ
209 2657 371 2741 πολιτικφ·
400 2653 441 2719 ού
469 2655 571 2738 φύσει
600 2656 661 2738 τὴν
691 2655 881 2720 ἀθανασίαν
909 2663 955 2742 τῷ
984 2656 1097 2741 κύσμφ

88 2756 160 2824 ἀλλ’
194 2757 368 2843 ἐπίκτητον
399 2761 489 2847 παρά
520 2768 580 2825 τοῦ
613 2760 820 2848 δημιουργοῦ
853 2765 1098 2846 προσγίνεσθαι
1111 2786 1139 2827 ιο

89 2868 230 2950 ἔφησεν·
254 2864 302 2930 *ἐκ
314 2867 450 2931 πάντων
468 2867 509 2950 δὴ
528 2868 656 2932 τούτων
674 2868 733 2932 τὸν
750 2870 878 2953 κόσμον
896 2871 976 2953 μήτε
994 2866 1099 2933 αὐτὸν

87 2974 149 3058 χρὴ
179 2972 285 3055 φάναι
314 2971 472 3060 στρέφειν
500 2971 621 3039 ἑαυτὸν
644 2971 695 3038 ἀεὶ
717 2977 797 3058 μήτε
820 2974 900 3038 ὅλον
922 2974 988 3039 ὑπὸ
1011 2980 1097 3039 θεοῦ

87 3077 296 3164 στρέφεσθαι
325 3079 436 3156 διττάς
463 3077 519 3144 καὶ
548 3079 700 3156 ἐναντίας
721 3082 929 3166 περιαγωγὰς
950 3085 1031 3165 μήτε
1054 3074 1097 3146 αὖ

87 3208 158 3250 τινε
187 3186 250 3250 δύο
280 3187 349 3250 θεὼ
384 3195 573 3271 φρονοῦντε
605 3184 736 3262 ἑαυτοῖς
770 3185 905 3251 ἐναντία
940 3186 1098 3273 στρέφειν

88 3292 208 3376 αὐτόν,
236 3288 307 3354 ἀλλ’
335 3290 416 3372 ὅπερ
444 3291 519 3375 ἀρτι
545 3314 581 3355 τε
608 3290 735 3378 ἐρρηθη
759 3289 813 3355 καὶ
836 3293 943 3376 μόνον
965 3294 1095 3377 λοιπόν,
1111 3316 1137 3360 τε

157 3524 183 3574 2.
202 3518 266 3573 fort.
280 3515 470 3573 ἀναλλοίωτον
488 3513 613 3592 (εἶναι),
628 3518 662 3573 cf.
682 3523 742 3586 128,
754 3524 796 3572 19.
811 3524 845 3572 10
901 3524 943 3574 10.
960 3519 1021 3591 γρῌ
1039 3518 1096 3575 litt.

87 3625 274 3695 σῐ.]αμματων
292 3624 322 3678 Μ
394 3631 435 3680 14.
455 3643 520 3694 περι
539 3610 620 3680 ολέἀν
638 3628 812 3695 ειληττεσθαι
825 3625 855 3679 Μ
874 3624 980 3697 (ἑλίξεις
993 3624 1095 3680 Psalm.

87 3703 148 3766 ιον,
162 3700 209 3766 ετ)
255 3702 296 3750 ιτ.
316 3697 486 3751 anemonae
580 3703 620 3751 ιο.
634 3702 674 3751 17.
695 3696 757 3766 Sap.
774 3695 875 3751 Salom.
892 3704 916 3766 1,
932 3703 972 3750 ιε.
990 3701 1023 3750 ιι
1042 3693 1097 3765 (ὅτι

85 3802 191 3865 ame
207 3800 339 3857 θάνατον
356 3805 423 3871 κτλ.)
497 3808 538 3858 21.
557 3802 630 3859 Plat.
649 3801 857 3877 politic.11111
927 3809 977 3858 Ὦ.
995 3770 1113 3870 οάεφειτ

85 3872 116 3928 Π
182 3869 305 3939 W'l'w'
320 3870 385 3927 Mor
401 3873 446 3927 ἀεὶ
465 3874 521 3931 ἀπὸ
540 3874 615 3935 Plat.
693 3885 737 3937 21.
757 3898 820 3940 τινε
842 3879 905 3936 evm
919 3876 974 3947 λύῃ
991 3875 1049 3931 δύο
1066 3867 1135 3926 τιυὶ

72 3941 144 3993 plna
215 3946 256 3992 λυ,
277 3957 308 3992 τε
324 3957 378 3997 om,
396 3943 471 4002 Ρλοί,
