2394 4208
10 39 852 345 -
949 143 956 159 ·

935 168 943 187 Q

80 545 120 600 IV
136 546 181 619 12]
355 544 403 599 DE
421 545 680 601 AETERMITATE
698 547 821 602 MVMDI
1053 550 1096 614 87

81 707 284 795 ε’ξαρκοῦντα
306 710 390 794 πρὸς
412 712 600 793 τελειότητα
623 708 693 778 ἀλλ’
717 710 814 777 ἐνδεῦ
831 723 898 777 τῶν
915 709 971 776 ὑιί
991 711 1096 777 αὐτοῦ

78 814 323 901 παραγομένων
352 817 400 893 εἰς
428 814 580 901 ὕπαρξιν.
630 815 701 881 ἀλλ’
729 823 806 895 ἴσως
836 817 904 904 ἐρεῖ
933 842 982 895 τις
1011 820 1096 906 πρὸς

79 931 184 987 ταῦτα
207 923 259 987 ὅτι
282 922 336 987 <οὐ
360 919 470 1007 φαμὲν
493 928 665 989 συντελεῖν
688 925 736 1001 είς
753 927 939 1008 τελειότητα
959 933 1005 1013 τῷ
1023 933 1095 1013 θεῷ

78 1031 121 1094 τὰ
144 1031 236 1113 ὄντα,
264 1028 347 1093 ἀλλὰ
369 1030 431 1112 τήν
458 1028 628 1114 ἐνέργειαν
655 1032 715 1114 τήν
741 1032 877 1112 πάντων
900 1032 1097 1118 δημιουργι·

79 1140 159 1220 κήν,
195 1137 268 1219 ήτις
299 1136 470 1214 οὐσιωδῶς
505 1143 576 1223 θεῷ
614 1136 807 1223 ἐνυπάρχει,
843 1130 932 1223 ήτινι
963 1139 1095 1216 πάντως
1121 1165 1136 1205 ι

79 1247 330 1328 παρακολουθεῖ
358 1244 396 1307 τὸ
427 1238 513 1308 εἶναι
543 1244 583 1307 τὰ
612 1245 712 1309 όντά.
762 1242 831 1310 ἀλλ’
862 1241 964 1310 οὐδέν
992 1241 1095 1329 ήττον

78 1348 136 1414 καί
159 1350 216 1414 διὰ
242 1350 371 1414 τούτων
396 1351 434 1414 τὸ
463 1351 588 1415 άτοπον
615 1355 873 1436 συναχθήσεται·
901 1353 930 1417 εί
958 1353 1021 1438 γάρ
1048 1354 1094 1437 μή

79 1459 190 1522 ὄντων
213 1467 280 1521 τῶν
302 1458 492 1540 γεγονότων
515 1457 630 1541 ἀτελής
657 1458 677 1540 ἡ
706 1457 868 1544 ἐνέργεια,
896 1459 1033 1536 ἀτελοῦς
1056 1455 1094 1523 δὲ

78 1564 183 1647 οὐσης
205 1573 263 1647 τῆς
286 1562 453 1648 ἐνεργείας
471 1563 513 1628 οὐ
530 1563 653 1641 τέλειος
677 1563 694 1628 6
715 1567 806 1647 θεός,
828 1566 865 1629 τὸ
885 1566 949 1649 άρα
965 1564 1095 1631 τέλειον

76 1671 170 1758 αὐτῷ
199 1669 234 1735 ἐκ
261 1680 328 1735 τῶν
355 1670 655 1756 δημιουργημάτων
684 1670 800 1754 ἐφήκει
828 1671 884 1735 διὰ
910 1671 1009 1755 μέσης
1036 1682 1094 1756 τῆς
1107 1701 1135 1741 ιο

80 1776 258 1862 ἐνεργείας.
304 1774 374 1841 ἀλλ’
399 1776 460 1861 οὐχ
484 1778 517 1841 αλ
546 1776 582 1842 ἐν
605 1777 712 1862 σχέσει
735 1787 774 1863 τή
799 1778 883 1863 πρὸς
905 1780 945 1841 τὰ
968 1776 1102 1854 ἔξωθεν

79 1880 243 1967 ἐνέργειαι
265 1881 466 1948 τελειωτικαί
488 1894 556 1948 τῶν
579 1882 807 1968 ἐνεργούντων
824 1876 1043 1968 ὑπάρχουσιν,
1066 1879 1092 1948 ὦ

80 1990 283 2096 σοφοζιτατοι·
313 1990 437 2073 ταύτην
464 1990 526 2074 γάρ
554 1987 609 2054 καί
640 1989 658 2054 6
682 1987 907 2074 Ἀριστοτέλης
937 1989 997 2054 οὐκ
1028 1992 1092 2073 ἐφη

77 2096 141 2160 τὸν
164 2096 367 2161 διδάσκαλον
393 2094 448 2160 καὶ
472 2097 557 2173 ὅλως
579 2097 639 2160 τὸν
662 2095 862 2181 ἐνεργοῦντά
884 2121 915 2160 τι
939 2095 1094 2161 ἀλλοιοῦ-

76 2209 162 2268 σθαι
185 2201 221 2267 ἐκ
243 2212 301 2286 τῆς
322 2203 407 2288 πρὸς
428 2204 469 2267 τά
492 2201 618 2280 ἔξωθεν
641 2202 819 2288 ἐνεργείας·
843 2202 912 2268 ἐπεί
933 2205 971 2269 τὸ
989 2208 1092 2269 τελει-
1106 2230 1133 2273 ιε

76 2311 226 2393 οὐμενον
252 2311 369 2394 πάσχει
396 2332 428 2373 τι
455 2309 510 2374 καί
533 2309 739 2392 ἀλλοιοῦται,
767 2309 785 2375 6
810 2307 846 2374 δέ
871 2309 1017 2395 ἐνεργῶν
1035 2311 1093 2376 οὐ-

76 2413 139 2480 δέν
169 2417 279 2493 πάθος
314 2412 393 2481 οὐδὲ
431 2414 610 2481 ἀλλοίωσιν
642 2417 802 2500 οὐδεμίαν
837 2415 1010 2500 ὑπομένει,
1047 2417 1093 2494 ὡς

76 2524 238 2599 πολλάκις
261 2520 438 2606 ἐδείξαμεν.
484 2524 568 2588 ὥστε
591 2518 671 2587 οὐδὲ
692 2527 875 2588 τελειοῦται
899 2522 916 2587 6
936 2523 1094 2587 διδάσκα-

76 2634 148 2712 λος,
170 2629 253 2694 ὅταν
275 2629 424 2715 διδάσκη.
461 2631 490 2693 εί
513 2626 550 2695 δὲ
573 2631 616 2713 μή
640 2631 677 2694 τὸ
698 2630 868 2694 διδάσκειν
885 2631 1094 2694 τελειωτικόν

77 2736 171 2801 ἐστιν
192 2745 251 2819 τῆς
273 2744 333 2801 τοῦ
357 2736 559 2802 διδασκάλου
583 2740 708 2812 τελείας
732 2735 842 2819 ἕξεως,
871 2732 1009 2801 οὐδὲτὸ
1034 2736 1091 2819 δη·
1106 2763 1134 2804 ιο

75 2852 256 2927 μιουργεῖν
278 2844 342 2929 ἄρα
365 2843 640 2927 συμπληρωτικὸν
663 2846 753 2907 ἐσται
776 2853 833 2926 τῆς
853 2852 913 2907 τοῦ
932 2844 1092 2927 δημιουρ-

76 2958 143 3032 γοῦ
170 2949 302 3032 οὐσίας,
331 2946 401 3013 ἀλλ’
425 2948 507 3032 αὐτή
535 2952 619 3032 μόνη
647 2948 667 3031 ἡ
696 2949 916 3032 δημιουργική
943 2947 1009 3026 ἕξις
1035 2948 1091 3014 καὶ

76 3057 232 3141 δύναμις,
254 3056 377 3139 ἵναμή
401 3053 438 3119 ἐν
461 3054 567 3139 σχέσει
590 3065 629 3140 τή
652 3057 736 3139 πρὸς
758 3056 799 3119 τά
820 3056 1092 3140 δημιουργήματα

76 3164 115 3228 τὸ
150 3158 236 3228 εἶναι
268 3170 328 3226 τοῦ
359 3168 444 3227 θεοῦ
475 3162 619 3247 ὑπάρχη·
651 3163 681 3226 εἰ
712 3164 774 3246 γὰρ
805 3162 842 3225 τὸ
874 3161 1092 3246 δημιουργεῖν

76 3270 356 3354 συμπληρωτικόν
374 3266 463 3333 ἐστιν
481 3277 539 3351 τής
556 3270 652 3343 θείας
671 3266 796 3348 οὐσίας,
820 3266 857 3330 τὸ
877 3263 914 3331 δὲ
933 3267 1091 3352 δημιουρ·
1105 3293 1133 3336 ιε

76 3387 153 3460 γεῖν
181 3374 219 3440 ἐν
245 3373 352 3458 σχέσει
382 3383 421 3459 τῇ
448 3374 532 3458 πρὸς
554 3376 594 3438 τὰ
622 3374 912 3457 δημιουργούμενα
938 3375 976 3438 τὸ
1005 3369 1091 3438 εἷναι

153 3608 178 3657 4.
200 3608 224 3656 ό.
244 3601 479 3672 δημιουργήιλκην,
501 3618 534 3657 ex
552 3622 579 3671 η,
598 3601 627 3654 Μ
717 3606 741 3656 6.
761 3601 883 3672 παντωήΙ
902 3600 957 3655 litt.
977 3602 1043 3672 ετής
1061 3600 1091 3656 Μ

151 3679 193 3728 10.
213 3673 497 3744 δημιουργηματήωήν,
516 3689 550 3726 ex
569 3692 610 3741 ον,
629 3673 658 3726 Μ
732 3678 772 3725 12.
791 3675 953 3726 τελειοτικαι
971 3672 1001 3725 Μ

76 3752 120 3799 13,
141 3744 327 3815 σοφήωήτατοι
345 3743 375 3797 Μ
450 3743 535 3797 Arist.
560 3743 594 3798 de
618 3761 662 3798 an.
683 3749 704 3797 Β
724 3749 739 3795 5
762 3761 789 3812 p.
805 3743 912 3796 mbo
937 3742 983 3815 (cf.
1007 3761 1096 3816 εορευ.

73 3817 252 3887 pag.73,10)
295 3814 550 3886 16.17.οοδεήνλΜ
592 3814 937 3890 17.ῦπομεν[ειή,ειη,δὶ
979 3821 1109 3875 εὐπολ-

69 3921 179 3986 λαιίιλ·
191 3918 230 3968 Π
292 3924 331 3969 21,
352 3923 617 3996 σνμπληρωτικήοήν,
637 3944 675 3983 ex
694 3951 727 4002 ω,
749 3928 778 3987 Μ
857 3938 908 3991 24.
927 3897 1013 4004 ὐποέῥ
1029 3930 1072 3987 M
