2394 4208
75 510 158 567 m
173 512 202 584 ι]
355 511 401 566 DE
421 512 679 568 εευοοαιοεοο
698 513 819 569 mm
1051 518 1094 582 65

73 673 134 739 καί
157 679 288 759 κίνησίς
311 673 415 741 ἐστιν·
439 675 596 742 ἐιτιιτλέον
619 679 681 762 γὰρ
704 677 725 761 ἡ
750 675 899 762 ἐνέργεια
920 688 978 762 τῆς
1001 683 1093 763 κινή-

75 797 172 864 σεως,
195 782 241 859 ὡς
259 780 477 869 Ἀριστοτέλει
506 783 606 848 δοκεῖ.
652 783 767 866 διττὴν
790 785 853 867 γάρ
877 779 967 848 εἶναί
987 803 1093 870 φησιν

75 888 139 970 τήν
169 886 350 974 ἐνέργειαν,
379 891 441 973 τήν
467 885 529 973 μέν
551 893 694 973 τελείαν,
724 891 786 973 τήν
814 886 851 954 δὲ
879 888 985 974 άτελῆ.
1031 894 1093 976 τήν

73 990 139 1076 μίν
161 988 226 1059 οὖν
253 994 350 1080 ἀτελῆ
380 994 551 1079 ἐνέργειαν
577 999 711 1079 κίνησιν
738 992 827 1061 εἷναί
852 1014 970 1079 φησιν·
1000 1000 1092 1063 ἐστιν

72 1101 139 1185 γάρ
163 1097 234 1164 κατ’
258 1100 362 1165 αὐτὸν
383 1101 404 1185 ἡ
427 1106 557 1185 κίνησις
579 1101 599 1184 ἡ
624 1101 687 1166 ἀπὸ
711 1110 771 1166 τοῦ
795 1103 927 1185 πρώτου
950 1103 1090 1189 δυνάμει
1118 1131 1131 1170 5

75 1205 131 1271 ἐπὶ
153 1208 216 1290 τήν
238 1204 309 1284 ἕξιν
330 1209 509 1293 μεταβολή·
532 1209 638 1285 οὕτως
660 1210 723 1292 γάρ
748 1207 852 1291 αὐτήν
870 1207 908 1272 ἐν
925 1217 972 1296 τῷ
990 1215 1090 1299 τρίτῳ

75 1315 167 1402 λόγῳ
200 1323 258 1397 τῆς
289 1324 434 1398 φυσικῆς
461 1313 650 1400 ἀκροάσεως
680 1315 838 1400 ὡρίσατο,
871 1315 921 1379 ὄτι
951 1318 1042 1381 ἐστιν
1068 1317 1089 1401 ἡ

76 1422 209 1503 κίνησις
228 1418 410 1504 ἐντελέχεια
427 1428 487 1485 τοῦ
503 1420 642 1504 δυνάμει
658 1420 765 1503 ὄντος,
783 1412 804 1503 ᾗ
820 1424 976 1486 τοιοῦτόν
990 1422 1089 1488 ἐστιν.

76 1524 282 1611 ἐντελέχειαν
304 1525 344 1591 δέ
365 1544 470 1610 φησιν
497 1526 603 1610 αὐτήν
629 1528 690 1610 τήν
716 1536 774 1610 τῆς
800 1526 973 1611 δυνάμεως
1000 1529 1089 1614 ἐνέρ-

74 1633 172 1716 γειάν
193 1631 309 1697 τεκαὶ
335 1637 514 1698 τελείωσιν.
560 1634 647 1698 οὕτω
675 1629 737 1716 μὲν
765 1626 828 1696 οὖν
854 1632 970 1719 ἀτελής
998 1635 1090 1702 ἐστιν
1104 1663 1130 1702 ιο

75 1738 227 1825 ἐνέργεια
249 1739 269 1823 ἡ
292 1741 432 1823 κίνησις.
477 1742 607 1805 τελείαν
630 1735 667 1803 δί
691 1736 861 1822 ἐνέργειάν
880 1757 985 1822 φησιν
1003 1737 1089 1808 εἶναι

76 1847 140 1928 τήν
168 1845 300 1929 ἀθρόαν
327 1844 391 1910 ἀπὸ
419 1856 477 1931 τῆς
504 1844 600 1923 ἕξεως
629 1846 800 1931 προβολήν
826 1841 931 1928 μηδὲν
958 1845 1089 1912 ἀλλοιο-

77 1949 175 2037 τέρας
196 1950 374 2036 γινομένης
396 1962 454 2036 της
477 1950 581 2029 ἕξεως.
628 1950 739 2036 ἀθρόα
767 1950 807 2016 δέ
826 1950 917 2015 ἐστιν
939 1956 1088 2038 προβολή

74 2056 96 2141 ἡ
119 2058 163 2142 μή
187 2067 420 2144 συμπροίοῦσα
443 2067 482 2144 τῇ
505 2061 634 2143 κινήσει
657 2067 718 2123 τοῦ
741 2058 865 2144 χρόνου
889 2055 959 2121 ἀλλ’
983 2058 1088 2147 ἐντῷ

75 2172 140 2228 νῦν
163 2163 359 2248 γιγνομένη,
387 2165 442 2229 οἵα
465 2162 556 2230 ἐστίν
582 2163 603 2247 ἡ
626 2172 686 2228 τοῦ
710 2164 820 2246 φωτὸς
844 2161 879 2227 ἐκ
902 2173 962 2228 τοῦ
986 2168 1087 2249 φωτί·
1102 2191 1128 2231 ιτ

77 2274 191 2349 ζοντος
213 2269 371 2356 πρόοδος·
400 2272 466 2354 ἅμα
494 2272 556 2356 γδιρ
579 2277 625 2357 τῷ
649 2279 795 2353 φανῆναι
819 2269 855 2333 τὸ
885 2273 1089 2353 φωτιστιιιὸν

76 2367 150 2441 οἷον
173 2376 211 2441 τὸ
234 2384 302 2462 πῦρ
324 2375 345 2459 ἣ
372 2378 432 2441 τὸν
457 2378 556 2460 ἰήλιον
583 2375 714 2462 ἀθρόον
740 2384 807 2440 πᾶν
834 2376 871 2439 τὸ
900 2374 1088 2460 ἐπιτήδειον

75 2484 326 2567 καταλάμπεται.
370 2484 505 2566 τοιαύτη
530 2481 621 2548 ἐστίν
648 2481 703 2547 καὶ
730 2481 751 2565 ἡ
779 2491 836 2566 τῆς
863 2484 971 2560 ὄψεως
998 2482 1088 2569 ἐνέρ·

76 2609 161 2671 γεια·
189 2590 256 2673 ἅμα
279 2591 341 2675 γὰρ
364 2597 410 2676 τῷ
434 2587 618 2671 ἀναβλέψαι
647 2588 795 2675 άχρόνως
821 2599 889 2653 τῶν
915 2591 1088 2674 αἰσθητῶν

77 2694 401 2780 ἀντιλαμβανόμεθα.
452 2695 535 2761 ὅθεν
562 2691 642 2760 οὐδὲ
672 2697 728 2772 τὰς
755 2696 931 2779 αἰσθήσεις
958 2695 976 2761 ὁ
1000 2694 1086 2782 Ἀρι·
1101 2722 1127 2762 ιο

76 2801 231 2886 στοτέλης
253 2805 425 2867 κινεῖσθαί
446 2819 552 2886 φησιν
578 2800 615 2866 ἐν
642 2811 681 2886 τῇ
708 2812 776 2865 τῶν
800 2802 973 2885 αἰσθητῶν
995 2801 1085 2867 ἀντι-

77 2910 182 2991 λήψει.
229 2906 300 2972 ἀλλ’
324 2905 446 2991 οὐδὲή
475 2917 535 2973 τοῦ
563 2917 626 2973 νοῦ
654 2906 803 2991 ἐνέργεια
830 2911 960 2991 κίνησίς
982 2907 1082 2974 ἐστιν

77 3011 219 3100 ἀήδράως
243 3015 306 3100 γὰρ
324 3013 379 3079 καί
398 3016 479 3079 ἄνευ
498 3016 589 3092 τινὸς
607 3014 808 3089 διαστάσεως
826 3021 886 3077 τοῦ
906 3024 1027 3097 νοητοῦ
1040 3032 1139 3073 ιοιετι.

76 3122 241 3204 θιγγάνει.
287 3121 317 3186 εἰ
340 3115 403 3186 οὖν
425 3121 445 3205 ἡ
469 3123 597 3186 τούτων
620 3119 769 3204 ἐνέργεια
792 3120 934 3204 ἀχρυνος
955 3120 1010 3186 καί
1030 3122 1087 3187 διὰ

76 3236 174 3292 τοῦτο
202 3230 310 3292 τελεία
337 3225 392 3292 καί
420 3226 461 3292 οὐ
488 3231 631 3310 κίνησις,
659 3237 728 3303 πῶς
755 3223 798 3289 ἂν
824 3226 886 3308 τήν
912 3235 972 3291 τοῦ
1000 3232 1085 3290 θεοῦ
1099 3250 1125 3291 ιε

77 3329 248 3420 ἐνέργειαν
270 3337 405 3417 κίνησιν
427 3334 533 3400 εἰπεῖν
554 3336 767 3417 τολμήσειεν;

142 3438 180 3505 ε’.
205 3442 324 3504 Καίτοι
354 3463 392 3524 γε
422 3436 502 3505 οὐδὲ
531 3441 589 3517 τὰς
619 3437 745 3515 ἀτελεῖς
772 3436 939 3524 ἐνεργείας
966 3435 1021 3501 καί
1049 3436 1086 3502 ἐν

145 3675 171 3722 4.
190 3667 276 3722 Arist.
296 3667 375 3737 phys.
391 3671 417 3721 Γ
428 3673 444 3720 2
463 3686 489 3737 p.
506 3667 581 3721 201b
596 3673 628 3720 31
648 3665 769 3735 metaph.
787 3667 812 3720 Θ
830 3672 846 3720 6
865 3683 892 3734 p.
908 3665 1000 3719 1048b
1016 3671 1049 3718 35

79 3741 102 3792 6.
120 3738 205 3793 Arist.
219 3738 258 3809 ph
279 3757 299 3795 s.
315 3741 368 3792 ΓΙ
384 3757 411 3808 p.
426 3743 545 3792 201210
601 3744 641 3791 12.
656 3737 821 3809 τιήροβολήην
834 3737 864 3790 Μ
920 3741 961 3791 12.
977 3741 1021 3791 1⁸.
1039 3740 1088 3791 αλ-

78 3808 223 3878 λοιωτερας
325 3815 366 3864 18,
385 3809 507 3880 προβολὴ
521 3809 570 3881 μί]
587 3827 641 3880 ττρο
653 3825 745 3882 paene
761 3827 842 3870 evan.
854 3809 888 3868 M
945 3815 996 3869 Ἃ.
1014 3810 1103 3885 διήρο-

79 3881 135 3947 νος]
151 3879 320 3946 αγρννωςΜ
384 3885 425 3934 26.
443 3879 507 3935 fort,
528 3879 568 3937 ἄν
587 3882 674 3962 (τις)

108 3971 213 4009 Ioum
223 3972 382 4016 Pmotom
395 3976 429 4016 αὶ
444 3978 533 4025 Baba.
934 3993 951 4046 b
