2394 4208
58 550 100 605 α
113 553 141 624 ε]
346 552 394 606 οε
412 551 669 607 mmmm
687 552 809 608 MVNm
1019 554 1083 617 113

42 716 170 779 :noim
197 714 373 779 κάνταῦθα
401 723 461 779 τοῦ
492 717 581 780 ἔσται
612 717 659 792 είς
688 719 811 800 χρόνον
837 719 1083 799 μεταλαμβανο-

44 821 177 903 ριέυου
200 819 242 886 οὐ
265 823 370 904 μόνον
393 830 452 885 τοῦ
475 822 638 907 προτέρου
662 820 822 886 ἀλλὰκαὶ
845 831 905 888 τοῦ
925 822 1083 908 δευτέρου

56 964 116 975 —-
140 935 175 993 εί
193 950 232 1012 γε
253 928 384 1004 πάντως
407 930 529 1011 χρόνου
554 929 735 1011 δηλωτικόν
759 926 908 993 ἐστιντὸ
932 932 1021 994 ἔσται
1041 967 1083 975 -

39 1034 127 1098 aaz
148 1033 285 1118 προσέτι
312 1032 450 1098 καὶτοῦ
479 1035 532 1098 ὅτε
560 1043 718 1118 χρονικοῦ
744 1039 987 1120 προσρήματος,
1014 1046 1085 1112 πῶς

45 1140 148 1225 (εὐχλ
171 1139 415 1222 καταγέλαστον
438 1143 527 1205 ἔσται
550 1141 586 1203 τὸ
615 1144 891 1224 συμφραζόμενον
913 1140 968 1205 καὶ
993 1141 1084 1206 άδια-
1111 1168 1125 1208 ε

37 1250 196 1330 τιόητου
218 1247 367 1330 τετράκις
387 1248 425 1310 τὸ
444 1250 563 1331 χρόνος
582 1246 700 1330 ἐφεξῆς
717 1247 810 1331 ἡμῶν
829 1246 1085 1331 έκφωνούντων;

43 1352 128 1417 aaz
152 1354 200 1429 είς
224 1354 306 1416 ἄλλα
330 1349 367 1416 δὲ
385 1357 488 1438 μυρία
505 1361 641 1417 τοιαῦτα
659 1354 764 1417 ἄτοπα
783 1353 815 1429 ἐξ
834 1354 1086 1437 ὑποδειγμάτων

42 1457 213 1546 ειτάνλτως
241 1461 331 1524 ἔστιν
357 1461 418 1543 την
445 1467 505 1522 τοῦ
533 1462 723 1543 φιλοσόφου
755 1458 932 1542 ἐπαγαγεῖν
960 1460 1027 1525 έπι-
1042 1479 1081 1518 101.
1089 1480 1138 1518 ur-

49 1569 232 1651 zelpqow.
273 1567 302 1629 ελ
325 1570 442 1629 τοίνυν
466 1563 502 1629 έν
524 1566 655 1641 τούτοις
677 1566 714 1627 τὸ
738 1561 781 1647 ἦν
802 1565 822 1647 ἢ
843 1568 932 1631 ἔσται
951 1567 992 1632 οὐ
1011 1572 1085 1654 χρό-

61 1693 136 1736 mov
151 1670 233 1735 αὐτὸ
252 1667 328 1736 καθ’
348 1671 427 1735 αὑτὸ
448 1671 553 1753 δηλοῖ,
573 1669 643 1734 ἀλλ’
663 1670 699 1734 έν
717 1667 778 1753 μὲν
796 1678 841 1757 τῷ
861 1671 970 1753 λέγειν
984 1673 1086 1739 “έσται
1101 1701 1127 1741 ιο

62 1778 209 1862 χρόνος
232 1780 338 1860 μόνην
360 1778 422 1859 τὴν
449 1775 609 1860 ἐσομένην
634 1776 777 1862 ὕπαρξιν
799 1785 860 1841 τοῦ
884 1781 1006 1861 χρόνου
1030 1798 1086 1863 ση-

61 1888 200 1966 μαίνει,
231 1882 268 1947 έν
295 1879 332 1947 δὲ
359 1890 405 1968 τῷ
433 1882 534 1947 ςἔσται
563 1886 695 1968 χρόνος,
724 1883 777 1947 ὅτε
805 1885 894 1947 ἔσται
920 1883 1026 1961 ὑετός’
1049 1887 1086 1949 τὸ

67 1985 138 2069 μὲν
159 2000 294 2073 πρῶτον
321 1991 410 2053 ἔσται
438 1990 538 2054 πάλιν
565 1990 626 2071 τὴν
653 1998 712 2052 τοῦ
741 1992 863 2073 χρόνου
891 1994 1088 2073 παρίστησιν

68 2093 231 2179 ὕπαρξιν,
253 2095 290 2158 τὸ
315 2091 351 2158 δὲ
370 2096 528 2179 δεύτερον
546 2096 607 2178 τὴν
625 2103 685 2158 τοῦ
703 2095 814 2178 ὑετοῦ,
838 2094 909 2159 οὐδ’
934 2097 1007 2180 άρα,
1031 2095 1063 2160 έ“

76 2207 165 2266 είποι
188 2224 237 2276 τις
259 2200 372 2283 <ἔσται,
396 2201 451 2265 ὅτε
473 2201 535 2265 οὐκ
559 2204 648 2266 ἔσται
671 2202 812 2286 χρόνος’,
839 2203 876 2265 τὸ
901 2205 990 2267 ἔσται
1014 2206 1087 2286 χρό
1103 2229 1128 2270 ιε

75 2331 142 2372 νου
166 2307 350 2388 δηλωτικὸν
372 2311 649 2392 παραληψόμεθα,
677 2305 747 2372 ἀλλ’
772 2308 822 2371 ὅτι
850 2310 939 2373 ἔσται
962 2332 1011 2384 τις
1033 2333 1089 2372 κα-

79 2415 241 2494 τάστασις,
265 2411 301 2477 έν
323 2405 345 2497 ᾗ
369 2416 487 2497 χρόνος
511 2414 571 2478 οὐκ
595 2417 692 2478 ἔσται.
739 2414 780 2478 οὐ
802 2417 908 2499 μόνον
932 2411 968 2479 δὲ
991 2416 1027 2478 τὸ
1047 2410 1089 2497 ἦν

79 2519 99 2602 ἣ
119 2523 209 2585 ἔσται
228 2522 377 2602 τμήματα
394 2518 449 2583 καὶ
469 2523 592 2604 χρόνου
607 2521 769 2603 δηλωτικὰ
782 2522 948 2605 τυγχάνει,
972 2522 1008 2585 τὸ
1028 2517 1090 2604 μὲν

80 2635 141 2691 τοῦ
163 2629 444 2710 παρεληλυθότος,
467 2628 504 2691 τὸ
528 2624 565 2691 δὲ
588 2636 647 2691 τοῦ
668 2626 855 2711 μέλλοντος,
879 2626 962 2690 άλλὰ
980 2626 1034 2690 καὶ
1052 2627 1090 2689 τὸ

82 2736 172 2798 ἔστιν
196 2732 276 2797 αὐτὸ
299 2733 336 2796 τὸ
366 2732 538 2815 ἐνεστηκὸς
564 2742 625 2798 τοῦ
653 2736 776 2816 χρόνου
799 2743 908 2817 τμῆμα
930 2737 1091 2817 σημαίνει,
1105 2761 1133 2799 ιο

10 2824 13 2841 ’
81 2840 162 2924 ὅπερ
186 2846 231 2926 τῷ
255 2861 290 2901 τε
312 2841 519 2926 παρῳχηκότι
546 2838 669 2925 καὶτῷ
695 2839 847 2922 μέλλοντι
871 2838 1091 2904 ἀντιδιαστέλ-

82 2950 180 3010 λεται.
218 2943 272 3009 καὶ
295 2944 337 3008 οὐ
356 2945 475 3028 δήπου,
499 2946 579 3010 ὅταν
598 2944 744 3028 λέγωμεν
763 2946 812 3009 ὅτι
832 2944 934 3010 ζε”στιν
953 2945 971 3010 ὁ
989 2946 1092 3028 θεός’,

82 3053 240 3136 χρονικόν
263 3074 293 3113 τι
316 3060 425 3135 τμῆμα
446 3053 483 3115 τὸ
512 3054 602 3116 ἔστιν
629 3059 773 3134 νοοῦμεν
797 3049 880 3114 ἀλλὰ
902 3054 1008 3135 μόνην
1031 3054 1092 3134 τὴν

82 3159 222 3224 αἰώνιον
243 3165 304 3221 τοῦ
327 3163 411 3221 θεοῦ
433 3156 588 3243 ὕπαρξιν·
617 3157 658 3221 οὐ
686 3158 748 3242 γὰρ
776 3166 815 3241 τῇ
844 3156 1001 3242 ἀσθενείᾳ
1025 3168 1093 3221 τῶν

81 3261 203 3340 λέξεων
230 3270 452 3329 συνασθενείν
479 3265 519 3327 τὰ
545 3265 718 3349 πράγματα
746 3263 886 3346 ἀνάγκη,
917 3262 987 3327 ἀλλ’
1011 3264 1093 3329 ὅσον
1106 3290 1133 3330 ιι

81 3370 316 3459 χρήσιμοη,,,ελς
338 3373 502 3453 σημασίαν
524 3380 591 3434 τῶν
613 3368 806 3452 νοουμένων
829 3368 861 3445 έξ
886 3369 995 3434 αὐτῶν
1014 3374 1095 3454 λαμ-

79 3478 255 3560 βαίνοντες,
282 3464 316 3540 εί
334 3499 364 3539 τι
388 3475 554 3540 ἀνοίκειον
576 3486 633 3559 τῆς
660 3484 720 3540 τοῦ
748 3475 934 3558 νοουμένου
962 3479 1094 3558 φύσεως

78 3584 357 3667 συνεμφαίνεται,
384 3591 482 3646 τοῦτο
507 3581 765 3666 άποποιούμεθα
812 3583 920 3664 ὥσπερ
950 3577 1013 3646 οὖν
1041 3581 1094 3647 έπὶ

114 3849 183 3900 ⁴8.
201 3844 265 3899 fort.
284 3845 440 3914 ἀπαγαγεῖν
510 3851 533 3900 9,
555 3847 904 3980 ιο,χροιοχυ],ιισ,ὶιὶ
979 3853 1027 3905 λθ.
1044 3847 1124 3906 ἰοὺ».

75 3918 131 3971 aa)
147 3915 198 3965 (ἰοί
269 3918 310 3964 20.
330 3931 444 3980 mmm
462 3917 497 3970 M
512 3920 634 3988 (correxi
654 3922 858 4000 eol.106,‘21
879 3929 913 3985 ελ,
931 3931 970 3983 <23
991 3926 1079 3995 m)

116 4006 225 4043 Imm
236 4006 394 4050 Ριιττοεοιυι
406 4013 442 4053 od.
458 4017 498 4056 Ra
506 4019 546 4062 οε.
950 4027 969 4079 8
