2394 4208
10 29 844 335 -ΔΙ

72 568 112 624 x1
128 573 169 624 ιο.
181 568 227 641 11]
339 567 387 622 οο
407 567 664 623 mamm
683 567 804 623 Μναοι
1015 567 1083 632 455

72 736 238 816 κείμενον,
262 723 335 797 οἷον
358 732 418 796 τὸν
441 735 543 796 λίθον
560 728 616 795 καί
633 732 671 796 τὸ
689 732 821 797 τοιόνδε
841 730 944 796 αὐτοῦ
964 740 1081 816 σχῆμα,

74 840 104 903 εἰ
128 834 165 903 δὲ
188 839 233 915 ὡς
255 837 340 922 ὕλην
363 839 470 914 οἰκίας
492 839 646 921 λήψεται,
665 837 710 914 ὡς
732 837 770 903 ἓν
791 836 848 903 καί
870 837 1000 904 ἁπλοῦν
1021 839 1083 903 τὸν

70 946 212 1010 τοιῶσδε
236 941 517 1028 ἐσχηματισμένον
539 946 643 1007 λίθον
665 953 758 1009 νοεῖν
781 943 921 1028 ἀνάγκη·
954 944 995 1009 οὐ
1019 945 1081 1029 γὰρ

69 1051 88 1116 6
116 1051 353 1135 ἀσχημάτιστος
371 1047 441 1114 ἀλλ’
461 1049 479 1115 6
499 1048 776 1134 ἐσχηματισμένος
794 1053 892 1127 λίθος
909 1051 971 1135 ὕλη
992 1048 1083 1116 ἐστὶν

68 1167 128 1241 τῆς
157 1160 279 1241 οἰκίας,
310 1157 354 1234 ὡς
383 1155 438 1221 καί
467 1155 484 1221 6
514 1158 668 1242 Πρόκλος
695 1161 839 1241 εἰμηκεν·
881 1157 990 1241 ὥσπερ
1019 1151 1083 1222 οὖν
1109 1181 1122 1224 ο

71 1263 133 1349 οὐχ
165 1264 276 1340 ἁπλῶς
304 1265 391 1328 εἰσιν
418 1262 480 1346 ὕλη
511 1263 543 1328 οἰ
572 1261 843 1347 ἐσχηματισμένοι
872 1266 967 1329 λίθοι
999 1262 1082 1328 ιἰλλδι

68 1373 153 1456 πρός
181 1394 214 1435 τι
243 1370 306 1454 ὕλη
337 1370 381 1446 ὡς
411 1370 495 1454 πρὸς
523 1369 561 1433 τὸ
592 1367 628 1433 ἐκ
657 1377 716 1452 της
747 1369 938 1447 συνθέσεως
970 1370 1082 1435 αὐτῶν

70 1475 289 1560 ἐγγινόμενον
320 1485 377 1560 τῆς
414 1476 520 1552 οἰκίας
557 1470 661 1559 εἶδος,
698 1474 804 1553 οὕτως
839 1475 894 1541 καλ
930 1479 1015 1563 πρός
1049 1501 1081 1542 τι

70 1582 171 1648 ἁπλοῖ
193 1584 290 1666 εἰσιν,
313 1581 398 1665 λέγω
422 1582 463 1663 δὴ
486 1581 571 1667 πρὸς
592 1583 654 1664 τὴν
678 1583 797 1665 οἰκίαν,
820 1583 893 1666 ἥτις
915 1580 948 1660 ἐξ
972 1583 1082 1649 αὐτῶν

69 1688 126 1754 καὶ
148 1699 208 1755 τοῦ
230 1689 365 1754 τοιοῦδε
389 1689 559 1771 σύγκειται
581 1690 757 1772 σχήματος·
781 1689 879 1772 ὥστε,
898 1690 982 1754 εἰτὸ
1003 1707 1123 1756 συν-ιο

69 1798 272 1881 αμφότεμον,
301 1794 387 1878 λέγω
415 1794 456 1877 δὴ
485 1795 518 1859 οἰ
547 1792 819 1878 ἐσχηματισμένοι
841 1798 950 1880 λίθοι,
977 1796 1023 1873 ὡς
1045 1795 1083 1861 ἕν

69 1924 102 1966 τι
126 1900 181 1966 καλ
204 1901 334 1967 ἁπλοῦν
358 1902 451 1977 ὄντες
473 1899 536 1984 ὕλη
559 1911 618 1985 τῆς
641 1901 748 1978 οἰκίας
770 1902 866 1984 εἰσίν,
889 1902 927 1967 τὸ
945 1898 984 1967 δὲ
1003 1919 1083 1967 σνν-

70 2010 262 2095 αμφότερον
290 2007 330 2073 οὐ
359 2008 464 2072 δεῖται
491 2007 588 2091 ὕλης,
617 2008 674 2073 ἵνα
701 2006 851 2092 γένηται,
880 2008 943 2074 οὐκ
971 2010 1035 2095 ἄρα
1061 2008 1081 2092 ἡ

71 2113 123 2191 τίς
145 2114 208 2197 ὕλη
233 2115 338 2179 δεῖται
361 2113 458 2197 ὕλης,
481 2113 538 2178 ἵνα
561 2112 705 2198 γένηται,
723 2117 831 2179 καίτοι
849 2117 969 2199 γενητὴ
989 2110 1082 2181 οὖσα

72 2222 102 2286 εἰ
125 2216 188 2286 οὖν
210 2220 231 2304 ἡ
255 2220 306 2298 τίς
327 2221 406 2305 ὕλη,
429 2225 521 2307 εἰπερ
544 2220 589 2296 ὡς
611 2219 768 2304 γινομένη
787 2219 850 2303 ὕλη
869 2223 1082 2311 λαμβάνοιτο,
1097 2249 1124 2292 ιι

70 2327 113 2393 οὐ
137 2328 242 2393 δεῖται
266 2325 378 2412 ἑτέρας
399 2326 495 2410 ὕλης,
514 2326 559 2403 ὡς
582 2323 619 2392 δί
641 2326 662 2410 ἡ
684 2325 736 2404 τλς
752 2326 815 2411 ὕλη
834 2328 918 2413 πρὸς
935 2329 974 2393 τὸ
992 2353 1084 2415 μεμι-

70 2435 133 2498 κὸν
170 2429 260 2511 εἶδος
298 2437 378 2518 ἔχει,
415 2432 521 2509 οὕτως
551 2430 607 2497 καί
638 2432 658 2516 ἡ
692 2431 803 2512 ἁπλῶς
834 2433 896 2518 ὕλη
928 2436 1013 2520 πρὸς
1044 2438 1082 2502 τὸ

72 2540 184 2617 ἁπλῶς
208 2535 297 2616 εἶδος
321 2542 401 2623 ἔχει,
426 2537 498 2603 οὐδ’
521 2538 541 2622 ἡ
565 2537 676 2616 ἁπλῶς
700 2540 764 2624 ἄρα
786 2539 864 2623 ὕλη,
890 2541 921 2606 εἰ
943 2545 1083 2629 γίνοιτο,

70 2647 159 2711 καθὸ
192 2646 255 2730 ὕλη
289 2645 389 2729 ἐστίν,
422 2642 534 2731 ἐτίμας
565 2645 647 2729 ὕλης
679 2646 839 2730 δεήσεται.
884 2647 989 2732 δῆλον
1020 2645 1084 2715 οὖν

70 2751 126 2818 καί
150 2753 320 2836 ἐντεῦθεν,
344 2753 388 2828 ὡς
412 2751 552 2835 οὐδεμία
575 2754 666 2817 ἔστιν
689 2751 830 2836 ἀνάγκη,
860 2758 952 2839 εἰπερ
974 2754 995 2838 ἡ
1018 2754 1081 2840 ὕλη
1096 2783 1124 2824 ιο

70 2859 220 2944 γίνοιτο,
244 2861 280 2924 ἔκ
302 2881 394 2934 τινος
418 2859 515 2934 ὄντος
539 2856 644 2941 αὐτὴν
667 2860 832 2940 γίνεσθαι.
868 2859 951 2925 ὥστε
970 2860 1083 2940 οὐδεὶς

71 2969 163 3031 ἔσται
191 2967 291 3048 λόγος
319 2964 337 3030 6
365 2963 625 3047 κατασκευάζων,
653 2963 704 3029 ὅτι
732 2965 783 3028 δεῖ
805 2966 867 3049 τὴν
888 2965 974 3049 ὕλην
996 2962 1082 3033 εἰναι

71 3071 245 3156 ἀγένητον,
276 3079 337 3135 τοῦ
369 3073 473 3152 λόγον
504 3078 565 3135 τοῦ
599 3071 646 3147 εἰς
677 3071 803 3136 ἄτοκον
831 3072 892 3136 τὸν
919 3071 997 3159 περὶ
1024 3084 1083 3159 τῆς

71 3178 231 3262 γενέσεως
267 3176 368 3261 αὐτῆς
404 3179 509 3259 λόγον
545 3175 685 3260 ἀπάγειν
723 3176 906 3255 δοκοῦντος
947 3178 1082 3264 ἀπελεγ-

70 3285 221 3370 χθίντος.
1096 3312 1124 3355 ιο

139 3389 201 3456 αι’.
230 3388 317 3454 Ἀλλ’
346 3387 458 3473 οὐδέν,
486 3392 602 3473 φησίν,
630 3388 760 3473 δρῶμεν
782 3392 972 3477 γινόμενον,
995 3391 1013 3458 δ
1036 3395 1081 3479 μὴ

71 3499 154 3582 ὕλης
182 3498 300 3562 δεῖται·
338 3495 464 3561 οὐκοῦν
486 3494 541 3560 καλ
563 3495 584 3579 ἡ
607 3495 685 3579 ὕλη,
709 3497 739 3560 εἰ
760 3500 904 3582 γίνοιτο,
925 3498 1008 3582 ὕλης
1031 3500 1083 3565 δε-

70 3609 194 3690 ήσεται.
241 3603 324 3685 ἀλλὰ
346 3612 413 3668 πᾶν
435 3602 472 3667 τὸ
496 3610 561 3666 νῦν
584 3605 763 3685 γινόμενον
786 3606 923 3689 μερικὸν
941 3604 982 3670 οὕ
1001 3607 1084 3671 κατὰ

145 3874 168 3922 8.
188 3862 368 3936 ἐγγινόμενον
387 3864 432 3920 Vix
450 3883 552 3922 sanum
664 3872 710 3924 15.
729 3871 803 3942 ὕλης
816 3868 849 3941 XX
860 3867 927 3922 6¹66.
946 3867 1008 3930 ὲῑλ
1023 3882 1065 3922 m
1077 3859 1125 3909 Ἃ

64 3943 104 3989 21,
126 3936 231 4007 αὐτὴν]
246 3955 318 4006 αντη
336 3935 370 3989 Μ
