2394 4208
26 33 848 338 -J

73 558 126 614 ΧΠ
139 564 166 615 ι.
180 559 209 632 ι]
339 558 388 615 οτι
407 559 667 614 mmmm
684 557 807 615 mm
1019 557 1086 623 473

75 723 283 809 δημιουργὸς
306 723 324 789 ὁ
347 725 428 810 θεὸς
451 720 524 788 οὐδ’
547 723 645 805 αὐτά,
668 723 751 807 άπερ
774 723 986 807 δημιουργεῖ,
1004 718 1084 786 καθ’

74 829 136 894 ὅλα
159 830 244 895 αὐτὰ
266 830 477 917 δημιουργεῖ,
500 836 592 915 εἰπερ
615 831 668 912 τό,
691 827 724 906 ἐξ
749 823 789 895 οὗ
813 831 1009 915 δημιουργεῖ
1025 829 1087 894 τὸν

73 938 210 1021 κόσμον,
238 936 301 1002 οὐκ
328 936 427 1013 αὐτὸς
454 947 551 1002 ποιεῖ.
597 937 627 1000 εί
654 932 692 1001 δέ
718 935 853 1001 κάκεῖνο
880 939 1022 1019 γίνεται,
1052 932 1086 1012 έξ

73 1045 172 1120 ὄντος
201 1044 357 1127 δηλονότι
387 1047 529 1126 γίνεται,
560 1048 651 1128 εῖπερ
681 1052 748 1107 πᾶν
777 1043 815 1107 τὸ
846 1044 1026 1126 γινόμενον
1052 1039 1087 1119 ἐξ

74 1152 172 1227 ὄντος
195 1153 342 1235 γίνηται,
366 1149 499 1215 κάκεῖνο
522 1151 624 1215 πάλιν
646 1147 680 1225 ’έξ
703 1151 808 1214 ἄλλου
830 1147 1009 1214 καὶτοῦτο
1032 1146 1080 1213 ἐπ’
1112 1177 1126 1218 τ

74 1259 222 1343 άπειρον.
268 1258 298 1321 εί
325 1251 389 1322 οὖν
415 1265 515 1322 τοῦτο
544 1255 723 1339 ἀδύνατον,
751 1255 814 1321 οὐκ
841 1257 905 1342 δρα
932 1254 965 1332 ἐξ
989 1257 1087 1333 ὄντος

74 1366 202 1446 γίνεται
230 1363 248 1428 ὁ
276 1366 407 1448 κόσμος.
453 1360 531 1428 οὔτε
557 1364 622 1448 άρα
649 1362 682 1440 ἐξ
708 1361 791 1447 ὄλης
819 1362 896 1427 οὔτε
919 1361 1030 1440 ἁπλῶς
1052 1360 1086 1439 ἐξ

74 1472 173 1546 ὄντος
194 1480 262 1535 πᾶν
284 1471 322 1535 τὸ
345 1473 548 1554 γιγνόμενον
569 1472 708 1554 γίνεται,
726 1471 790 1534 κάν
807 1492 843 1534 τε
861 1467 913 1534 ἀεὶ
931 1467 986 1534 καί
1004 1470 1087 1534 κατὰ

74 1577 182 1642 πάντα
204 1577 265 1641 τὸν
287 1578 412 1661 χρόνον
434 1580 561 1659 γίνεται
584 1577 648 1642 κάν
669 1599 705 1640 τε
726 1574 814 1640 ποτέ.

142 1682 181 1748 ε’.
213 1685 256 1748 El
284 1680 346 1767 μὲν
373 1678 437 1747 οὖν
462 1679 506 1767 ἦν
533 1707 584 1761 τις
610 1685 710 1766 λόγος
736 1682 756 1749 ὁ
782 1683 844 1765 τὴν
865 1681 952 1765 ὕλην
975 1680 1128 1751 άίδιονιο

76 1785 163 1854 εἶναι
196 1790 457 1872 κατασκευάζων,
490 1800 676 1875 συγχωρεῖν
706 1784 749 1873 ἧν
782 1788 908 1873 ἀνάγκη
939 1786 995 1853 καὶ
1026 1788 1087 1852 τὸν

75 1897 204 1980 κόσμον
239 1890 326 1961 εἶναι
362 1895 474 1960 ἀίδιον
511 1896 567 1960 διὰ
602 1897 640 1960 τὸ
672 1893 728 1960 καὶ
758 1896 821 1978 την
851 1895 939 1978 ὕλην
969 1896 1017 1972 εἰς
1046 1895 1085 1958 τὸ

74 2008 275 2086 κοσμεῖσθαι
299 2000 350 2067 ἀεὶ
373 1997 459 2067 εἶναι
483 2000 672 2086 ἐπιτηδείαν
695 2001 808 2067 ἀίδιον
830 1995 936 2066 οὖσαν
954 2000 1087 2066 καὶτὸν

76 2110 161 2174 θεὸν
193 2107 244 2174 άεὶ
276 2110 324 2185 είς
352 2109 390 2171 τὸ
420 2119 531 2175 ποιεῖν
560 2108 722 2195 αὐτάρκη,
751 2104 838 2174 εἶναι
868 2105 905 2174 δέ
934 2107 990 2174 καὶ
1019 2119 1087 2174 τῶν

78 2217 163 2301 πρός
185 2239 217 2278 τι
239 2219 302 2300 τήν
324 2238 359 2279 τε
382 2215 468 2299 ὕλην
490 2213 545 2279 καὶ
567 2216 605 2280 τὸ
629 2211 719 2293 εἶδος
740 2214 796 2280 καὶ
814 2216 872 2280 διά
889 2224 988 2281 τοῦτο
1008 2233 1087 2281 συν·
1100 2243 1127 2284 ιι

77 2328 289 2408 αναιρεῖσθαι
303 2319 373 2386 ’καὶ
401 2325 673 2406 συνυφίστασθαι
697 2322 861 2406 ἀλληλοις.
906 2323 936 2387 εί
963 2319 1000 2387 δὲ
1026 2345 1086 2406 μη-

80 2427 149 2506 δεὶς
172 2432 264 2494 ἔστιν
286 2430 386 2511 λόγος
410 2426 428 2492 ὁ
451 2430 513 2511 την
533 2428 620 2513 ὕλην
642 2428 755 2494 άίδιον
777 2424 863 2493 εἶναι
886 2430 1087 2494 κατασκευά-

76 2540 142 2615 ζων
172 2546 241 2599 τῶν
272 2536 466 2599 δοκούντων
501 2537 756 2615 κατασκευάζειν
791 2534 1018 2619 ἐληλεγμένων
1050 2534 1088 2600 ἐν

77 2652 148 2718 τοῖς
170 2644 373 2727 ἔμπροσθεν,
397 2639 563 2726 ἐνδέχεται
586 2642 741 2725 δηλονότι
764 2640 820 2706 καί
843 2650 904 2707 τοῦ
926 2648 1012 2707 θεοῦ
1034 2641 1087 2707 ἀεὶ

76 2749 234 2824 ὡσαύτως
262 2751 395 2832 ἔχοντος
422 2748 466 2832 μὴ
494 2745 545 2812 άεῖ
573 2742 659 2812 εἶναι
686 2748 746 2812 τὸν
773 2750 901 2832 κόσμον
928 2748 970 2813 οὐ
998 2750 1128 2835 παράω

75 2856 113 2919 τὸ
138 2851 267 2931 ἐλλιπές
290 2850 376 2920 εἶναι
399 2855 436 2918 τὸ
459 2863 582 2918 ποιοῦν
604 2856 686 2919 κατὰ
705 2855 710 2937 Ι
730 2855 792 2937 την
810 2855 1004 2940 δημιουργι·
1026 2872 1068 2915 τοι
1077 2874 1140 2915 1⁹⁵1.

75 2963 139 3044 κην
166 2963 312 3046 δύναμιν
340 2961 424 3026 ἀλλὰ
451 2961 568 3025 διὰτὸ
591 2962 635 3045 μη
658 2959 843 3044 πεφυκέναι
865 2962 906 3026 τὰ
928 2964 1088 3046 γινόμενα

76 3067 128 3133 ἀεὶ
151 3064 251 3133 εἶναι·
283 3064 385 3132 οὐδὲν
408 3068 471 3153 γὰρ
494 3079 563 3132 τῶν
589 3067 777 3152 γινομένων
799 3067 930 3154 ὁρῶμεν
952 3069 1018 3153 άμα
1040 3077 1087 3157 τῷ

75 3182 236 3261 ποιητικηῖ
260 3171 380 3238 ἑαυτοῦ
403 3175 497 3261 αἰτίην
521 3174 825 3258 συνυφιστάμενον,
853 3173 937 3239 άλλά
958 3184 1026 3240 πᾶν
1048 3176 1086 3240 τὸ

75 3282 256 3364 γινόμενον
278 3289 338 3344 τοῦ
361 3290 541 3358 ποιοῦντος
562 3280 702 3365 ὑπάρχει
725 3280 876 3366 ὕστερον.
914 3281 966 3346 ότι
989 3279 1026 3347 δέ
1045 3282 1086 3348 οὐ
1100 3309 1127 3351 ιτ

75 3389 133 3452 διὰ
160 3388 222 3470 τὴν
248 3395 309 3451 τοῦ
336 3395 517 3463 ποιοῦντος
539 3386 729 3470 ἀδυναμίαν
751 3385 835 3450 ἀλλὰ
858 3388 914 3452 διά
936 3389 997 3472 τὴν
1019 3400 1087 3454 τῶν

75 3492 263 3578 γινομένων
291 3494 397 3577 φύσιν
425 3493 487 3557 οὐκ
514 3495 605 3558 ἔστιν
632 3493 651 3558 ὁ
678 3495 803 3577 κόσμος
830 3493 953 3578 άίδιος,
980 3493 1018 3559 έν
1039 3504 1086 3584 τῷ

74 3602 194 3687 πρώτῳ
218 3601 306 3686 λόγῳ
331 3600 451 3676 ίκανῶς
475 3597 638 3664 δέδεικται
661 3597 715 3664 καὶ
738 3602 829 3665 ἔστιν
847 3609 946 3667 τοῦτο
965 3600 1001 3666 έκ
1020 3613 1087 3668 τῶν

74 3706 181 3772 έκεῑσε
200 3705 384 3791 εἰρημένων
402 3706 462 3770 τὸν
479 3708 689 3789 βουλόμενον
708 3704 938 3784 ἀναλέξασθαι.
976 3710 1005 3773 εί
1024 3703 1087 3774 οὖν

138 3939 160 3984 9.
180 3931 294 4000 γίνηται
310 3951 332 4002 p
407 3940 439 3990 21
463 3939 494 3992 et
513 3943 581 4011 474,
595 3944 624 3996 2.
646 3942 776 4003 ελλειπες
791 3936 829 3991 M
