2394 4208
656 78 660 93 .

620 142 631 165 .
655 100 660 165 ι

10 39 840 335 m

87 546 152 601 XIII
168 554 208 601 15.
226 549 270 619 16]
355 545 404 600 DE
423 545 679 601 AETERNITA'III
697 544 819 602 MVNDI
1031 545 1096 610 527

87 712 229 794 μάλιστα
258 712 297 775 τὰ
328 709 450 794 ἀμείνω
484 708 649 793 ἐκλέγεται
678 710 698 793 ἡ
729 710 839 793 φύσις.
884 710 1008 786 πολλάς
1034 705 1097 794 μὲν

88 812 151 881 οὖν
179 815 233 880 καὶ
262 818 363 893 άλλας
390 816 470 900 ἐνῆν
491 819 674 903 μαρτυρίας
696 814 910 901 παραθέσθαι
932 816 994 900 τὴν
1016 838 1096 901 προ·

89 922 244 1006 κειμένην
263 921 364 1000 δόξαν
376 923 601 1007 πιστούμενον
615 922 808 999 Πλάτωνος·
831 923 891 987 τὸν
908 923 971 1008 γάρ
991 921 1095 987 αὐτοῦ

89 1031 269 1106 Πλάτωνος
305 1031 459 1113 μαθητὴν
491 1028 722 1115 Ἀριστοτέλην
759 1029 803 1106 ὡς
839 1027 1096 1114 ὡμολογημένον

86 1136 161 1221 παρ’
185 1137 265 1220 ἡμῖν
288 1137 390 1200 ταῦτά
413 1159 447 1200 τε
470 1143 789 1221 προσμαρτυροῦντα
811 1133 866 1199 καὶ
892 1134 1096 1218 ἐγκαλοῦντα
1122 1160 1138 1200 τ

88 1241 132 1307 δι’
162 1243 242 1307 αὐτό
270 1266 307 1325 γε
333 1251 432 1307 τοῦτο
458 1242 630 1306 Πλάτωνι·
662 1242 754 1306 δοκεῖ
776 1242 840 1327 γάρ
862 1249 992 1326 πρῶτος
1013 1241 1095 1306 πάν-

89 1373 156 1413 των
170 1347 397 1433 Ἀριστοτέλης
415 1351 475 1432 τὴν
491 1347 566 1434 περὶ
580 1358 640 1413 τοῦ
658 1347 807 1432 πέμπτου
826 1349 975 1432 σώματος
994 1347 1095 1426 δόξαν

88 1458 341 1539 εἰσηγήσασθαι·
378 1453 447 1519 ἀλλ’
476 1451 568 1540 οἶμαι
593 1465 663 1532 τοῖς
686 1455 895 1538 εύγνώμοσιν
918 1455 965 1531 εἰς
987 1456 1094 1520 πειθὼ

87 1566 217 1627 τελείαν
245 1561 388 1647 αὐτάρκη
417 1559 472 1625 καὶ
501 1563 541 1626 τά
568 1559 738 1647 εἰρημένα,
761 1562 882 1644 ἵναμὴ
905 1569 963 1645 τῆς
985 1565 1095 1646 χρείας

86 1667 189 1734 πλέον
211 1669 271 1734 τὸν
292 1667 369 1752 περὶ
392 1669 512 1733 τούτου
537 1671 640 1752 λόγον
662 1667 866 1752 ἐκτείναμεν.
1108 1693 1138 1732 ιο

151 1776 155 1859 Ι
177 1774 237 1850 ςι’.
262 1773 332 1839 Ὅτι
356 1771 392 1839 δὲ
416 1775 456 1838 οὐ
480 1776 585 1858 μόνον
604 1774 639 1839 ἐκ
658 1782 725 1838 τῶν
743 1774 913 1860 τεσσάρων
930 1790 1017 1838 στοι-
1038 1790 1078 1831 101.
1087 1792 1149 1831 21⁹1.

87 1885 185 1965 χείων
207 1882 244 1945 τὸ
269 1880 429 1965 οὐράνιον
452 1886 555 1945 οίεται
579 1888 672 1964 σῶμα
694 1881 892 1945 συνεστάναι
916 1879 933 1945 ὁ
953 1880 1095 1944 Πλάτων

88 1989 171 2052 άλλά
199 1986 253 2052 καὶ
281 1998 352 2064 ταῖς
380 1985 667 2071 συνεγνωσμέναις
688 1987 769 2071 ἡμῖν
790 1989 943 2070 ποιότησι
966 1988 1006 2051 τά
1030 1984 1096 2052 ἐκεῖ

89 2104 236 2179 στοιχεῖα
254 2096 490 2179 χαρακτηρίζει,
508 2095 691 2179 θερμότητί
707 2117 791 2177 φημι
811 2092 865 2157 καὶ
883 2091 979 2171 ψύξει
994 2092 1095 2178 ὑγρό-

87 2226 158 2284 τητι
181 2200 237 2266 καί
260 2198 412 2285 ξηρότητι
435 2201 621 2283 κουφότητί
641 2223 675 2264 τε
698 2198 753 2264 καί
775 2201 945 2286 βαρύτητι,
969 2201 1013 2277 ὡς
1035 2224 1094 2284 μη·
1109 2225 1137 2266 ιι

88 2305 147 2372 δέν
169 2305 238 2372 κατ’
262 2306 382 2371 ούσιάν
405 2314 472 2370 τῶν
494 2303 570 2391 παρ’
593 2306 674 2390 ἡμῖν
698 2307 872 2392 διαφέρειν
898 2307 986 2390 πλὴν
1013 2306 1095 2370 ὅσον

87 2416 263 2496 λεπτότητί
288 2436 322 2477 τε
345 2410 400 2477 καί
422 2413 640 2496 καθαρότητι,
665 2412 763 2489 αὐτὸς
785 2413 887 2477 πάλιν
910 2411 927 2477 ὁ
953 2413 1095 2478 Πλάτων

88 2529 204 2603 σαφῶς
227 2519 263 2584 έν
286 2527 332 2607 τῷ
360 2522 483 2606 Τιμαίῳ
507 2517 675 2604 γέγραφεν
702 2518 807 2596 οὕτως
830 2518 878 2583 ’ἔκ
904 2541 939 2582 τε
966 2521 1029 2604 γὰρ
1053 2520 1094 2603 δὴ

86 2628 215 2691 τούτων
242 2624 297 2690 καί
324 2634 392 2689 τῶν
418 2626 581 2690 τοιούτων
607 2623 662 2690 καὶ
685 2633 753 2689 των
775 2624 909 2712 ἀριθμῷ
932 2626 1095 2711 τεττάρων

86 2735 123 2798 τὸ
147 2742 207 2797 τοῦ
231 2733 357 2816 κόσμου
383 2740 476 2816 σῶμα
499 2730 642 2815 ἐγενήθη
666 2729 709 2796 δι’
733 2731 911 2815 ἀναλογίας
934 2731 1093 2817 ὁμολογῇ·
1108 2758 1136 2798 ιο

87 2858 150 2904 σαν
180 2842 297 2921 φιλίαν
326 2862 361 2902 τε
391 2841 487 2922 ἔσχεν
517 2837 552 2902 έκ
581 2839 724 2923 τούτων,
756 2841 839 2904 ὥστε
869 2840 916 2915 εἰς
945 2839 982 2903 τὸ
1014 2839 1093 2905 αὐτὸ

87 2946 176 3033 αύτῷ
201 2944 367 3022 ξυνελθὸν
390 2945 514 3009 ἄλυτον
536 2943 602 3008 ὑπὸ
626 2952 694 3008 τῶν
716 2945 827 3008 ἄλλων
844 2945 931 3028 πλην
948 2944 1014 3009 ὑπὸ
1033 2955 1094 3009 τοῦ

86 3052 312 3135 ξυνθησαντος
340 3049 507 3135 γενέσθαι.
552 3058 619 3115 τῶν
643 3048 679 3115 δὲ
703 3052 744 3134 δὴ
767 3050 931 3136 τεττάρων
953 3051 990 3116 ἓν
1014 3051 1095 3116 ὅλον

85 3163 223 3242 εἴληφεν
244 3159 265 3242 ἡ
288 3167 349 3223 τοῦ
372 3162 498 3242 κόσμου
523 3156 689 3235 ξύστασις·
713 3156 748 3222 έκ
767 3158 829 3243 γάρ
848 3158 954 3241 πυρὸς
971 3159 1095 3235 παντὸς

85 3264 207 3341 ὕδατός
229 3287 264 3329 τε
287 3263 342 3328 καὶ
361 3262 458 3349 ἀέρος
475 3263 531 3328 καὶ
550 3273 610 3348 γῆς
628 3262 827 3346 ξυνέστησεν
844 3263 948 3328 αὐτὸν
966 3263 984 3329 ὁ
1003 3261 1092 3341 ξυνι-
1107 3291 1133 3331 ιε

85 3372 164 3447 στάς
187 3370 286 3456 μέρος
309 3367 410 3435 οὐδὲν
433 3370 573 3448 οὐδενὸς
596 3366 674 3435 οὐδὲ
698 3370 842 3453 δύναμιν
865 3368 990 3447 ἔξωθεν
1011 3371 1093 3435 ὑπο-

157 3640 180 3688 2.
202 3635 297 3705 αλλα[ς
317 3635 396 3703 ενῙην
414 3634 443 3686 M
515 3639 540 3688 3.
559 3632 612 3704 γὰρ
633 3637 792 3704 suspectum
864 3639 888 3687 6.
910 3636 1022 3705 τουτολν
1042 3635 1092 3703 ετ]

84 3705 112 3757 Μ
187 3711 227 3759 17.
247 3706 456 3777 καθαρλοῙτητι,
475 3721 510 3759 ex
527 3725 557 3774 ω,
576 3705 606 3757 Μ
677 3705 909 3760 Plat.Tim.320
983 3711 1024 3759 18.
1040 3705 1093 3775 γὰρ

84 3793 136 3829 om.
152 3776 223 3829 Plat.
298 3782 339 3830 19.
358 3785 413 3830 τῶν
432 3779 508 3846 (ουλε
526 3775 670 3845 τοιούτων)
689 3792 742 3829 om.
757 3776 828 3830 Plat.
901 3776 950 3830 τὸν
968 3776 1096 3841 &ww

82 3851 115 3915 pt
133 3846 204 3900 Plat.
278 3852 319 3899 20.
339 3846 479 3918 ἐγεννήθη
499 3846 572 3902 ΡΙωθ.
646 3853 691 3903 22.
710 3845 768 3902 ’ὕπὸ
787 3868 839 3902 του
858 3847 945 3899 ἄλλοι)
957 3844 1047 3895 M.

76 3923 116 3968 23,
135 3917 354 3986 [ξννῙδησαντος
371 3919 403 3972 M
477 3918 544 3977 ὅλον
566 3918 688 3977 ἕκαστον
707 3920 790 3975 PIaI.
