2394 4208
10 39 942 337 -c

104 529 131 583 v
149 530 180 604 ι]
379 530 427 584 DE
445 529 703 585 AETERNITATE
722 531 842 586 MVNm
1052 535 1116 600 115

96 702 151 781 τῷ
175 688 352 759 εἶναιτῶν
380 695 524 758 αἰωνίων
551 697 913 779 συμπαρατεινόμενον,
941 696 1002 781 οὐχ
1029 698 1073 774 ὡς
1097 699 1114 763 6

94 803 228 885 χρόνος
250 804 394 884 τμῆμασι
418 801 596 885 διαφόροις
613 803 823 885 τεμνόμενος,
843 800 1010 880 ἐνιαυτοῖς
1029 829 1115 889 φημι

92 905 158 971 καὶ
187 904 268 991 μησί
298 905 376 982 νυξί
395 929 430 971 τε
452 904 508 970 καί
530 905 678 990 ἡμέραις,
701 905 773 971 ἀλλ’
802 909 910 994 ὥσπερ
937 911 988 993 ἄν,
1012 917 1114 988 εἴτις

91 1011 173 1078 κατ’
198 1011 352 1077 ἐπίνοιαν
369 1013 429 1076 τὸν
447 1013 595 1098 οὐρανὸν
614 1015 750 1096 ἔστησεν
771 1013 825 1078 καί
848 1017 910 1098 τῆν
933 1026 992 1081 τοῦ
1015 1017 1113 1101 ἡλίου

91 1121 228 1204 φορόν,
247 1118 358 1183 οὐκέτι
376 1115 438 1202 μὲν
456 1120 604 1204 διάφορα
626 1123 749 1205 χρόνον
773 1124 923 1205 τμήματα
947 1121 1113 1189 ἐπενοεῖτο
1141 1149 1155 1190 ε

90 1225 128 1290 δ’
154 1221 223 1291 οὖν
240 1226 329 1309 ὅμως
346 1227 527 1310 παράτασίς
546 1250 595 1302 τις
619 1225 816 1312 ὁμοιομερῆς
840 1238 878 1313 τῆ
902 1237 962 1293 τοῦ
985 1232 1113 1314 κόσμου

88 1331 243 1416 ὑπάρξει
276 1331 574 1417 συμπαραθέουσα,
612 1333 698 1397 οὕτω
731 1335 839 1416 δῆπου
873 1333 928 1399 καί
961 1334 1014 1400 έπί
1046 1347 1114 1400 τῶν

90 1439 224 1504 ἀιδίων
252 1440 343 1503 ἔστιν
371 1439 476 1502 εἰπεῖν
509 1438 574 1520 ὅτι,
607 1441 636 1503 εἰ
665 1437 720 1503 καὶ
749 1440 793 1522 μῆ
825 1443 915 1505 ἔστιν
945 1444 1034 1528 φορά
1063 1466 1113 1520 τις

89 1553 263 1632 χρονικοῦ
300 1546 520 1628 διαστήματος
553 1543 606 1609 ἐπὶ
638 1554 698 1608 τοῦ
731 1546 768 1608 τὸ
802 1540 887 1611 εἶναι
920 1548 1030 1613 αὐτῶν
1059 1572 1112 1633 με-

89 1660 264 1737 τροῦντος
301 1652 436 1734 αἰῶνος,
474 1649 544 1716 ἀλλ’
581 1647 644 1716 οὖν
680 1652 810 1728 πάντως
845 1655 1027 1737 παράτασίς
1062 1680 1112 1733 τις
1127 1683 1153 1721 ιο

90 1757 260 1843 ὁμοειδὴς
278 1757 360 1841 αὐτῆ
380 1755 480 1843 ἑαυτῆ
494 1766 540 1845 τῷ
559 1754 645 1822 εἶναι
665 1758 775 1822 αὐτῶν
794 1771 1051 1824 συνεπινοεῖται·
1067 1762 1112 1834 ιοὐ

94 1866 166 1948 γάρ
197 1863 289 1928 ἐστιν
316 1864 433 1951 ἀμερές
455 1888 486 1928 τι
510 1875 658 1949 σημεῖον,
682 1866 726 1942 ὡς
750 1859 859 1948 εἶπον,
883 1865 901 1930 6
925 1867 1009 1930 αἰὼν
1032 1864 1112 1932 οὐδὲ

92 1973 138 2035 τὰ
165 1972 286 2035 αἰώνια
309 1971 346 2036 έν
369 1969 422 2036 ἑνί
442 1996 509 2036 τινι
533 1976 656 2059 σημείῳ
679 1974 786 2056 μόνον
803 1970 997 2055 ὑφέστηκεν.
1028 1973 1112 2038 ὅθεν

95 2076 155 2142 καί
194 2075 318 2163 μέτρον
353 2073 445 2143 εἰπεν
482 2073 567 2142 εἰναι
600 2088 657 2162 τῆς
689 2089 756 2142 τῶν
787 2078 907 2143 ἀιδίων
940 2084 1020 2162 ζωῆς
1051 2079 1112 2143 τὸν

96 2185 209 2248 αἰῶνα
236 2183 254 2248 6
280 2186 434 2269 Πρόκλος
460 2182 516 2249 καί
538 2186 602 2269 πρὸ
627 2184 757 2250 ἐκείνου
782 2186 937 2249 Πλάτων·
967 2185 1109 2271 ’χρόνος
1125 2211 1152 2252 τι

97 2291 176 2374 γάρ,
191 2294 306 2374 φησίν,
317 2289 395 2374 εμετ’
410 2291 558 2376 οὐρανοῦ
573 2290 722 2375 γέγονεν,
740 2290 784 2356 ἵν’
808 2293 873 2376 ἅμα
892 2291 1111 2375 γεννηθέντες

98 2398 166 2481 ἅμα
194 2394 250 2460 καί
277 2401 445 2480 λυθῶσιν,
468 2400 511 2462 όν
537 2420 616 2462 ποτε
644 2400 739 2475 λύσις
761 2422 811 2475 τις
835 2398 945 2462 αὐτῶν
969 2401 1100 2481 γίνηται

98 2507 140 2573 ἵν’
170 2510 216 2585 ὡς
239 2506 430 2591 ὁμοιότατος
453 2505 542 2591 αὐτῷ
565 2507 646 2569 κατὰ
668 2506 813 2588 δύναμιν
834 2499 869 2589 ᾖ·
891 2507 928 2570 τὸ
951 2502 1013 2590 μὲν
1036 2507 1109 2607 γὰρς

101 2615 309 2700 παράδειγμα
336 2614 443 2676 πάντα
463 2612 467 2698 λ
488 2613 547 2676 τὸν
575 2612 679 2675 αἰῶνα
702 2609 808 2694 ἐστιν,
834 2611 852 2675 6
876 2611 905 2675 δ’
933 2608 975 2676 αὖ
1000 2614 1162 2677 6c6101.4sr.

100 2721 217 2798 τέλους
235 2721 296 2784 τὸν
313 2721 442 2784 ἅπαντα
460 2718 604 2802 χρόνον.
637 2718 730 2800 ὥστε,
749 2719 778 2782 εἰ
796 2719 904 2781 πάντα
922 2720 981 2782 τὸν
1005 2720 1110 2784 αἰῶνό
1123 2747 1151 2787 ιο

102 2847 205 2912 φησιν
224 2822 310 2892 εἶναι
329 2827 366 2890 τὸ
385 2833 445 2889 τοῦ
463 2827 591 2908 κόσμου
614 2824 822 2908 παράδειγμα
845 2824 862 2889 6
889 2827 1032 2889 Πλάτων
1054 2825 1109 2891 καί

101 2935 221 3018 με’τρον
248 2928 334 2997 εἰναι
362 2942 420 3015 τῆς
446 2941 513 2995 τῶν
541 2929 659 2994 ἀιδίων
688 2934 782 3014 ζωῆς,
806 2931 962 3013 δηλονότι
987 2931 1047 3016 οὐχ
1070 2931 1109 2996 έν

101 3064 128 3104 τι
162 3049 303 3124 σημεῖον
334 3034 420 3103 εἰναι
448 3038 507 3101 τὸν
535 3038 640 3101 αἰῶνα
668 3041 771 3100 οἰεται
800 3035 851 3122 (τὸ
881 3038 944 3119 γὰρ
971 3048 1038 3104 πᾶν
1065 3039 1107 3103 οὐ

101 3157 237 3231 σημεῖον
265 3141 345 3210 οὐδί
368 3146 405 3208 τὸ
428 3141 550 3229 με’τρον
573 3140 718 3229 ἀμερές),
747 3141 829 3206 ἀλλὰ
852 3146 932 3226 μίαν
954 3147 1030 3209 τινὰ
1052 3143 1107 3209 καί

101 3251 228 3337 ὁμαλὴν
246 3261 304 3335 τῆς
322 3255 404 3334 ζωῆς
422 3260 489 3315 τῶν
505 3249 624 3313 ἀιδίων
636 3249 822 3334 παρότασιν
835 3251 978 3336 μηδεμιᾷ
991 3273 1106 3334 τεμνο-
1120 3275 1146 3317 ιτ

100 3359 204 3445 μένην
227 3359 444 3443 διαφορότητι
468 3354 537 3421 ἀλλ’
566 3353 743 3439 ἑστηκυῖαν
766 3353 816 3419 ἀεὶ
839 3357 901 3439 τῆν
924 3356 1028 3439 αὐτὴν
1049 3354 1105 3421 καί

168 3558 193 3606 ῖ.
214 3551 277 3606 fort.
297 3547 464 3618 τεμνόμενον
559 3554 583 3601 3.
599 3548 746 3619 ημερῆαῆις,
761 3562 793 3599 ex
809 3566 830 3614 ε,
845 3547 874 3599 Μ
971 3554 1011 3601 15.
1031 3548 1104 3603 Plat.

99 3622 166 3678 Tim.
193 3623 256 3676 38ss
365 3628 406 3675 16.
430 3617 613 3691 γεννηθέντες
635 3618 720 3689 plat]
748 3639 795 3671 και
819 3621 949 3681 λυθεντες
972 3619 1000 3672 Μ

101 3701 139 3750 17.
160 3694 300 3767 μῆινίηται
318 3693 347 3746 Μ
456 3696 497 3745 18.
521 3692 569 3744 καλ
587 3690 658 3744 κατὰ
676 3689 708 3744 τὸ
726 3688 903 3759 παράδειγμα
921 3698 970 3759 τῆς
986 3689 1104 3746 αἰωνίου

129 3767 206 3829 'acme
225 3767 291 3819 ante
311 3761 348 3818 ἵν’
371 3763 435 3816 add,
454 3762 526 3815 Plat.
625 3761 677 3831 γὰρ
696 3759 731 3828 δὴ
751 3759 822 3814 Plat.
923 3767 966 3815 19.
983 3762 1034 3817 τὸν
1053 3779 1113 3818 οπο.

118 3837 168 3892 lat.
252 3835 326 3889 ἐστιν
343 3833 377 3887 όν
392 3833 464 3887 Pht.
555 3838 596 3888 22.
615 3833 745 3909 μετροῆνῆ
763 3832 794 3890 Μ
883 3839 930 3891 ῖῖι.
951 3835 1133 3909 mmmm

95 3923 128 3959 ει
142 3929 165 3970 ν,
184 3906 220 3955 Π
284 3910 325 3956 26,
341 3909 381 3957 26.
403 3922 557 3977 τεμνομενη
575 3907 608 3963 Μ

937 4008 980 4066 Β*
