2394 4208
80 570 170 624 xvm
184 571 212 643 ο]
346 570 394 625 οε
412 570 670 625 mmmmm
688 570 810 626 mm
1023 569 1089 635 637

80 735 110 798 εί
132 738 250 797 τοίνυν
276 735 313 798 τὸ
341 736 422 810 θεός
449 736 555 819 ὄνομα
577 744 646 811 τοῖς
670 734 841 819 οὐρανίοις
864 732 928 797 άπὸ
952 741 1012 797 τοῦ
1037 731 1089 797 άελ

75 847 159 905 »θεῖν
180 840 245 904 ὑπὸ
269 851 336 904 τῶν
358 841 458 905 πάλαι
478 838 646 924 Ἑλλήνων
668 847 806 924 τεθῆναι
831 841 974 904 Πλάτων
996 841 1092 904 νενό-

78 969 186 1030 μικεν,
216 947 358 1032 ὕστερον
388 944 425 1011 δὲ
453 947 533 1012 αὐτὸ
564 944 618 1011 καλ
649 945 702 1011 ἐπὶ
732 950 810 1023 τοὺς
838 948 960 1023 ἄλλους
987 941 1092 1023 θεοὺς

79 1056 161 1129 τοὺς
190 1056 332 1136 νοητοὺς
361 1052 574 1136 γνωσθέντας
602 1054 665 1137 ἤδη
695 1051 945 1137 μετενηνέχθαι,
976 1053 1091 1136 δῆλον,

78 1161 126 1236 ὡς
148 1158 330 1243 ὁμωνύμως
350 1159 405 1224 ἐπί
425 1183 460 1223 τε
482 1171 550 1224 τῶν
573 1159 754 1244 ἀσωμάτων
774 1165 866 1224 θεῶν
884 1157 939 1223 καλ
958 1157 1012 1223 ἐπὶ
1030 1167 1091 1222 τοῦ
1118 1185 1132 1226 ⁵

79 1268 209 1349 κόσμου
232 1268 269 1331 τὸ
292 1275 352 1330 τοῦ
376 1272 461 1330 θεοῦ
483 1272 617 1331 κεῖσθαι
640 1267 795 1348 βούλεται
819 1266 933 1348 όνομα.
975 1267 1004 1329 εἰ
1027 1266 1091 1351 γάρ

82 1372 101 1437 δ
125 1372 269 1457 οὐρανὸς
290 1374 378 1457 παρά
401 1373 438 1436 τὸ
462 1371 513 1437 άελ
536 1378 614 1437 θεῖν
636 1373 717 1449 θεὸς
745 1373 1024 1457 προσηγόρευται,
1051 1372 1092 1436 τὰ

82 1475 119 1542 δὲ
148 1481 248 1563 νοερὰ
274 1477 329 1543 καλ
357 1478 512 1561 ἀσώματα
538 1482 698 1562 κινήσεως
725 1478 851 1560 ἁπάσης
879 1476 969 1543 ἐστὶν
991 1475 1091 1562 ὑπάρ-

81 1608 174 1671 τερα,
198 1585 260 1650 οὐκ
283 1587 347 1671 άρα
370 1586 477 1669 δήπου
501 1587 582 1649 κατὰ
600 1586 661 1668 την
680 1585 785 1668 αὐτην
803 1588 939 1650 ἔννοιαν
956 1583 1093 1648 κάκείνα

82 1695 186 1769 θεοὺς
208 1693 470 1777 προσαγορεύειν
492 1700 577 1756 νοῦν
600 1695 686 1776 ἔχων
712 1716 776 1774 τις,
803 1695 847 1776 μη
876 1695 910 1755 τί
936 1714 973 1774 γε
1002 1691 1092 1754 Πλά-
1107 1717 1133 1757 ω

82 1824 150 1863 των
176 1799 405 1882 ὑπονοήσειεν.
451 1799 577 1864 οὐκοῦν
603 1810 671 1862 τῶν
697 1799 899 1883 πραγμάτων
928 1808 995 1863 τῶν
1025 1797 1091 1862 ὑπὸ

82 1914 144 1970 τοῦ
164 1904 325 1989 ὀνόματος
343 1906 559 1988 δηλουμένων
577 1906 798 1987 διεστηκότων
816 1906 896 1988 ψιλὴ
915 1906 1000 1988 μόνη
1015 1902 1092 1988 περὶ

82 2013 120 2076 τὸ
145 2012 251 2095 ὄνομα
272 2011 293 2095 ἡ
316 2016 476 2077 κοινωνία
498 2015 734 2076 καταλείπεται.
776 2013 805 2076 ελ
829 2008 865 2076 δδ
888 2009 963 2097 περὶ
986 2012 1094 2094 μόνον

81 2119 121 2183 τὸ
145 2120 251 2201 ὄνομα
272 2118 293 2202 ἡ
317 2122 490 2201 κοινωνία,
513 2123 563 2195 τίς
585 2121 633 2183 ἔτι
657 2118 782 2202 άνάγκη
807 2122 960 2201 φαίνεται
980 2117 1091 2181 διὰτὸ

80 2225 168 2290 θεὸν
206 2225 267 2288 τὸν
302 2228 428 2307 κόσμον
462 2226 772 2310 προσαγορεύεσθαι
807 2224 873 2290 ὑπὸ
912 2224 1093 2300 Πλάτωνος
1107 2249 1134 2290 ιε

84 2332 141 2395 διά
167 2340 266 2396 τοῦτο
294 2330 349 2396 καὶ
377 2333 539 2416 ἄτρεπτον
566 2331 669 2396 αὐτὸν
695 2327 780 2396 εἶναι
803 2332 885 2396 κατά
908 2332 1014 2414 φύσιν
1036 2328 1093 2395 καὶ

83 2435 246 2520 ἀγένητον
283 2441 552 2520 συλλογίζεσθαι,
593 2439 679 2503 διότι
716 2438 873 2520 τοιαύτην
910 2432 994 2502 εἶναι
1031 2437 1093 2519 την

84 2546 184 2609 θείαν
211 2545 317 2627 φύσιν
341 2544 483 2608 Πλάτων
509 2545 678 2628 βούλεται;
714 2543 769 2609 καὶ
797 2545 860 2628 γάρ
888 2545 1010 2626 νοεράν
1037 2541 1092 2608 καὶ

84 2649 261 2733 ἀσώματον
272 2647 276 2736 Ι
288 2645 377 2714 εἷναί
392 2666 498 2733 φησιν
516 2649 647 2734 ἐκείνην
665 2650 683 2716 ὁ
704 2652 855 2715 Πλάτων.
888 2649 1014 2714 οὐκοῦν
1033 2666 1071 2708 101-
1080 2668 1145 2708 mv.

83 2757 167 2822 ὅσον
190 2755 243 2821 ἐπὶ
267 2767 339 2834 ταῖς
360 2765 421 2821 τοῦ
445 2759 603 2842 Πρόκλου
627 2757 868 2843 ἐπιχειρησεσιν
887 2754 941 2821 καλ
960 2757 1020 2821 τὸν
1037 2758 1092 2821 κό-
1106 2782 1133 2822 ω

84 2881 171 2947 σμον
198 2865 283 2928 θεὸν
311 2859 396 2928 εἶναι
420 2862 527 2946 λέγων
548 2864 671 2946 νοητὸν
694 2860 780 2929 εἶναι
804 2863 907 2928 αὐτὸν
930 2860 984 2926 καλ
1008 2862 1092 2927 ἀσώ-

83 2993 190 3054 ματον
216 2971 380 3051 βούλεται.
426 2973 533 3034 καίτοι
561 2993 598 3053 γε
624 2968 680 3034 καλ
707 2971 765 3047 τάς
794 2968 884 3046 ἰδέας
907 2969 925 3034 ό
951 2970 1093 3034 Πλάτων

84 3086 156 3152 τοῖς
174 3075 287 3152 αὐτοῖς
305 3076 547 3161 προσαγορεύει
566 3075 737 3160 ὀνόμασιν,
753 3067 804 3153 οἷς
823 3074 877 3141 καλ
896 3077 935 3140 τά
950 3077 1094 3159 αἰσθητά

87 3181 294 3265 ὀνομάζεται·
335 3183 415 3247 αὐτὸ
446 3184 508 3268 γάρ
542 3186 626 3270 ζῷον
654 3181 709 3248 καὶ
742 3183 1008 3269 αὐτοάνθρωπον
1038 3181 1092 3247 καὶ

85 3299 154 3352 τῶν
183 3292 310 3352 λοιπῶν
339 3287 477 3353 ἕκαστον
506 3289 711 3372 συνωνύμως
737 3302 807 3366 τοῖς
835 3291 1009 3372 αἰσθητοῖς
1036 3287 1094 3353 κά·
1107 3313 1134 3354 ετ

84 3396 179 3459 κεῖνά
206 3411 311 3477 φησιν
339 3396 658 3480 προσαγορεύεσθαι.
703 3390 754 3482 ἆρ’
779 3391 842 3461 οὖν
865 3397 921 3461 διὰ
942 3397 1004 3479 την
1026 3406 1094 3460 τῶν

86 3501 259 3584 ὀνομάτων
285 3504 466 3584 ταυτότητα
492 3502 530 3566 τὸ
559 3499 610 3566 ἀεὶ
636 3500 792 3579 ὡσαύτως
819 3505 908 3587 ἔχειν
934 3501 953 3585 ἢ
977 3501 1032 3567 καλ
1056 3504 1093 3568 τὸ

86 3610 207 3694 νοερὸν
230 3606 284 3672 καὶ
307 3608 344 3673 τὸ
369 3607 543 3691 ἀσώματον
564 3618 634 3684 τοῖς
652 3608 826 3691 αἰσθητοῖς
846 3607 940 3696 ζῴοις
957 3612 1094 3694 προσοί·

157 3877 199 3925 25.
219 3871 421 3942 σννλωίννμως,
441 3888 475 3926 ex
494 3891 524 3943 ο,
541 3871 574 3927 M
655 3877 702 3927 (λδ.
715 3877 763 3928 θλ.
780 3870 852 3924 im.
871 3865 1017 3921 τανύσας

79 3948 115 3995 28
127 3959 166 4008 ιη,
187 3939 375 4011 προσοίσομεν
392 3948 427 4015 pt
