2394 4208
424 398 429 420 λ

75 563 102 617 x
116 569 140 618 ι.
157 566 182 634 3]
344 563 392 617 DE
411 562 668 618 AETERNITATE
687 562 809 619 καιτοι
1020 563 1085 629 389

75 735 137 791 τοῦ
165 725 289 803 παντὸς
316 728 359 810 μὴ
389 729 496 792 όντων
523 726 753 812 άμεταβλήτως
776 728 858 792 κατά
881 727 986 811 φύσιν
1010 726 1081 793 οὐδ’

77 832 119 897 ἂν
151 834 188 897 τὸ
217 842 284 897 πᾶν
311 839 361 917 εἰη
389 835 472 898 κατὰ
503 834 609 921 φύσιν
641 833 879 918 ἀμετάβλητον·
919 842 980 900 τοῦ
1013 834 1086 920 γάρ,

78 938 110 1017 ἐξ
135 934 176 1005 οὗ
200 941 372 1023 σύγκειταί
391 964 438 1024 τι,
460 942 666 1024 μεταβλητοῦ
690 941 787 1017 ὄντος
809 939 863 1005 καί
888 940 968 1004 αὐτὸ
991 963 1088 1024 μετα·

77 1047 201 1129 βλητὸν
230 1050 320 1111 ἔσται
349 1044 381 1125 ἐξ
411 1047 569 1130 ἀνάγκης·
607 1046 648 1112 οὐ
675 1049 738 1132 γάρ
762 1048 803 1130 δὴ
826 1057 894 1111 τῶν
916 1050 1088 1131 στοιχείων

76 1155 352 1236 μεταβαλλόντων
381 1155 417 1218 τὸ
452 1152 484 1231 ἐξ
518 1153 628 1218 αὐτῶν
661 1152 886 1237 ἀμετάβλητον
918 1152 1087 1237 διαμένειν
1107 1176 1127 1217 ἐ

78 1251 153 1324 οἷόν
184 1283 227 1325 τε.
279 1261 345 1344 ἅμα
377 1256 415 1325 όί
446 1258 501 1324 καί
533 1260 634 1325 πάλιν
667 1261 723 1324 διὰ
754 1261 882 1324 τούτων
914 1259 1088 1347 δέδεικται,

78 1366 129 1431 ὅτι
160 1365 215 1430 καί
244 1368 284 1430 τά
314 1365 351 1431 ἐν
380 1377 419 1453 τῇ
451 1367 582 1450 ὁλότητι
612 1364 739 1431 ἑαυτῶν
766 1368 846 1431 όντα
873 1367 933 1431 τὸν
962 1367 1088 1431 οἰκείον

77 1471 132 1537 καί
152 1474 233 1536 κατὰ
252 1473 358 1556 φύσιν
376 1476 442 1557 ἔχει
461 1475 575 1557 τόπον,
594 1479 685 1559 εἰπερ
706 1471 864 1537 ἐκστάντα
885 1483 942 1558 τῆς
965 1475 1088 1550 οἰκείας

79 1579 236 1662 ὁλότητος
257 1578 338 1662 <ἐν>
361 1590 432 1656 τοῖς
454 1581 543 1666 παρὰ
565 1580 672 1665 φύσιν
695 1583 821 1662 γίνεται
844 1582 970 1658 τόποις·
993 1581 1031 1644 τὸ
1051 1577 1088 1645 όέ

79 1685 116 1751 ἐν
144 1693 190 1772 τῷ
216 1687 306 1771 παρὰ
333 1686 439 1769 φύσιν
465 1688 554 1774 τότςο
586 1688 769 1770 γενόμενον
795 1695 856 1750 τοῦ
879 1688 961 1751 κατὰ
984 1687 1089 1770 φύσιν
1103 1710 1128 1750 ιο

79 1790 204 1875 ἐξέστη·
227 1793 264 1856 τὸ
285 1793 349 1877 άρα
367 1802 425 1876 τῆς
444 1794 568 1870 οἰκείας
587 1791 706 1857 ἐκστὰν
726 1792 882 1876 ὁλότητος
900 1791 954 1856 καί
974 1791 1009 1856 ἐκ
1027 1801 1087 1856 τοῦ

77 1900 160 1963 κατά
183 1900 288 1982 φύσιν
311 1901 415 1963 τόκου
440 1897 565 1984 ἐξίστη·
595 1900 679 1964 ὥστε
701 1900 739 1963 τὸ
764 1897 800 1965 ἐν
823 1909 862 1985 τῇ
886 1900 991 1983 οἰκείᾳ
1014 1897 1088 1962 όλό-

77 2029 150 2088 τητι
181 2004 222 2069 όν
250 2003 305 2070 καί
336 2004 372 2069 ἐν
402 2013 448 2093 τῷ
478 2006 559 2070 κατὰ
589 2006 696 2089 φύσιν
726 2004 817 2070 ἐστὶν
846 2008 944 2093 τόπῳ.
965 2004 969 2088 Ι
991 2003 1008 2068 ὁ
1027 2020 1067 2061 101-
1075 2021 1141 2062 ινιτ.

79 2111 179 2188 αὐτὸς
207 2113 270 2197 άρα
297 2120 356 2176 τοῦ
385 2112 466 2176 ὅλου
495 2110 549 2176 καί
579 2121 639 2177 τοῦ
662 2110 784 2199 μέρονς
808 2111 899 2178 ἐστὶν
921 2113 1002 2176 κατὰ
1025 2112 1088 2195 φύ-

79 2237 135 2284 σιν
157 2220 265 2294 τόπος.
1102 2241 1128 2284 ιι

146 2322 189 2408 γ’.
204 2322 359 2388 ’Ἇνωθεν
382 2319 419 2387 όέ
444 2329 521 2400 ἰσως
543 2324 768 2410 διορθοῦντας
787 2326 846 2390 τὸν
865 2328 967 2408 λόγον
984 2324 1089 2391 πυθέ-

79 2437 161 2496 σθαι
188 2438 249 2495 τοῦ
278 2432 469 2514 φιλοσόφου
499 2428 602 2514 άξιον,
624 2441 695 2508 πῶς
718 2448 823 2515 φησιν
844 2442 911 2497 πᾶν
933 2433 970 2496 τὸ
993 2455 1089 2516 μετα-

78 2538 204 2620 βάλλον
237 2535 274 2601 ἐν
306 2535 469 2623 ἀλλοτρίῳ
503 2537 593 2624 τόκῳ
627 2536 667 2602 ὂν
698 2539 916 2621 μεταβάλλειν
947 2537 1001 2603 καί
1034 2541 1089 2604 διὰ

78 2652 177 2707 τοῦτο
211 2641 317 2730 ἐντῷ
345 2643 427 2706 κατὰ
455 2643 561 2726 φύσιν
589 2652 653 2708 νῦν
679 2646 769 2732 τόπῳ
795 2646 836 2709 τά
863 2656 1008 2729 στοιχεῖα
1034 2643 1088 2730 μί-

79 2772 182 2813 νοντα
209 2747 263 2813 καί
293 2748 379 2813 αὐτά
403 2746 458 2812 καί
487 2749 523 2813 τὸ
552 2747 585 2826 ἐξ
614 2749 723 2813 αὐτῶν
745 2749 971 2833 ἀμετάβλητον
993 2747 1088 2817 εἰναι.
1102 2775 1129 2816 εο

78 2858 220 2941 πότερον
255 2856 317 2940 γάρ
353 2857 539 2938 μεταβολήν
570 2872 674 2939 φησιν
705 2856 767 2938 τὴν
798 2858 879 2921 κατά
910 2859 1013 2922 τόπον
1045 2859 1089 2935 ὡς

78 2961 242 3047 μηόέκοτε
264 2962 305 3025 τά
328 2959 365 3025 ἐν
387 2969 433 3049 τῷ
457 2963 538 3025 κατὰ
562 2961 668 3045 φύσιν
691 2962 772 3025 ὄντα
789 2964 878 3049 τόκῳ
897 2962 1088 3041 ἐξίστασθαι

79 3070 200 3134 τούτου
237 3066 292 3131 καί
332 3065 384 3132 ἐπὶ
417 3068 476 3132 τὸν
508 3069 597 3153 παρὰ
628 3067 734 3152 φύσιν
766 3072 922 3150 γίνεσθαι
954 3069 974 3153 ἦ
1006 3068 1083 3136 καθ’

79 3175 193 3261 ἕτερον
220 3176 402 3258 μεταβολῆς
430 3169 533 3257 εἰόος,
562 3172 612 3237 ότι
640 3174 743 3259 τυχὸν
769 3175 810 3238 τά
837 3173 874 3238 ἐν
900 3184 946 3263 τῷ
976 3177 1087 3265 οἰκείῳ

80 3284 161 3346 όντα
183 3284 273 3369 τόπῳ
298 3282 374 3346 οὔτε
397 3280 589 3347 ἀλλοιοῦται
614 3281 691 3345 οὔτε
714 3278 845 3359 αὔξεται
868 3283 946 3346 οὔτε
969 3287 1087 3367 φθίνει
1101 3306 1127 3349 εσ

80 3389 157 3453 οὔτε
181 3392 306 3471 γίνεται
330 3388 407 3451 οὔτε
429 3392 619 3474 φθείρεται;
648 3385 718 3451 ἀλλ’
742 3388 822 3473 ὅπερ
846 3387 888 3454 άν
911 3395 1009 3474 εἰτοι,
1032 3389 1086 3455 καί

79 3496 144 3559 ὑπὸ
176 3502 235 3559 τοῦ
265 3496 368 3577 λόγου
401 3492 455 3559 καί
486 3493 541 3559 ὑπ’
574 3494 675 3578 αὐτῆς
707 3505 764 3579 τῆς
791 3504 858 3559 τῶν
886 3498 1087 3581 πραγμάτων

80 3600 252 3686 ἐναργείας
281 3598 454 3684 ἐλέγχεται.
500 3602 528 3665 εἰ
558 3597 620 3685 μέν
650 3596 712 3665 οὖν
741 3603 824 3666 κατὰ
852 3605 955 3668 τόπον
982 3600 1087 3688 φησὶν

152 3798 175 3846 1.
195 3792 258 3847 fort.
278 3791 473 3862 άμεταβλήτων
557 3799 582 3847 4.
602 3791 637 3861 δὴ
656 3796 688 3862 pt
720 3794 762 3848 όει
780 3793 811 3846 Μ
896 3801 923 3849 ἵ.
941 3796 1100 3848 mmm&

151 3863 226 3984 9.Μέν
244 3863 306 3916 add.
324 3865 358 3932 μί
466 3868 508 3918 16.
528 3864 592 3938 όείν
611 3881 684 3922 eras.
714 3865 750 3920 M
855 3871 906 3919 Ἃ.
924 3863 1124 3933 εναοχηΧωας,

71 3951 107 3986 οι
120 3952 150 3999 γ,
