2394 4208
801 32 886 69 ..,.

36 31 858 335 -

74 537 121 592 vl
134 538 237 610 ms]
344 536 392 592 nn
410 536 668 593 mammem
686 536 808 592 mm
1019 538 1084 603 ονε)

73 701 142 785 γάρ
173 696 239 785 ἦν’,
272 698 376 784 φησὶν
408 700 426 766 6
456 701 612 783 Πλάτων,
642 699 772 789 ἀγαθῷ
805 698 834 766 δ
867 698 978 778 οὐδεὶς
1009 699 1084 786 περὶ

74 807 218 884 οὐδενὸς
245 806 405 872 οὐδέποτε
433 805 596 890 ἐγγίνεται
624 805 797 895 φθόνος’),
827 805 859 884 ἐξ
883 801 932 872 ὧν
954 807 971 873 6
996 810 1085 892 Πρό

75 917 157 990 κλος
180 914 332 997 συνάγει,
361 913 426 996 ὅτι,
455 914 484 978 εί
511 914 548 977 τὸ
570 922 631 977 τοῦ
654 916 782 998 κόσμου
804 914 1013 999 παράδειγμα
1035 913 1089 978 ἀεί

77 1019 181 1103 ἔστιν,
204 1018 330 1103 ἀνάγκη
352 1020 356 1103 Ι
377 1017 432 1084 καλ
454 1021 515 1104 τὴν
537 1029 597 1086 τοῦ
620 1021 884 1106 παραδείγματος
911 1021 1024 1087 εἰκόνα
1041 1037 1139 1079 romu.

78 1128 142 1192 τὸν
163 1130 290 1210 κόσμον
313 1124 364 1191 ἀεὶ
388 1121 474 1212 εἶναι
497 1125 552 1192 καλ
576 1126 641 1210 ὄτι,
665 1129 694 1192 εί
717 1125 768 1192 ἀεὶ
787 1128 940 1209 ἄφθονος
959 1127 977 1192 6
996 1131 1087 1210 θεός,
1114 1151 1127 1194 ο

80 1232 153 1299 ἐπεὶ
176 1231 232 1297 καὶ
255 1231 306 1297 ἀεὶ
330 1232 468 1317 ἀγαθός,
492 1231 543 1298 ἀεὶ
566 1232 620 1299 καὶ
644 1232 662 1298 6
686 1236 808 1317 κόσμος
832 1235 922 1298 ἔσται
940 1236 976 1318 ἧ,
995 1235 1025 1299 εί
1042 1234 1086 1318 μη

81 1339 137 1404 ἀεί
158 1337 250 1404 ἐστιν
273 1338 291 1404 6
314 1342 451 1423 κόσμος,
476 1340 614 1423 δυνάμει
637 1335 721 1404 εἶναι
740 1337 795 1403 καὶ
813 1339 873 1403 τὸν
890 1341 1011 1405 τούτου
1031 1340 1088 1424 δη-

80 1446 247 1531 μιουργὸν
273 1444 329 1510 καὶ
357 1446 413 1510 διὰ
439 1455 538 1511 τοῦτο
567 1445 663 1529 ἀτελῆ
692 1444 746 1510 καὶ
769 1447 893 1530 χρόνον
917 1446 1088 1531 δεόμενον,

79 1561 184 1618 ταῦτα
207 1546 271 1617 οὖν
292 1551 348 1617 καὶ
371 1554 571 1617 τὰτοιαῦτα
594 1553 638 1629 ὡς
661 1553 723 1636 ἤδη
749 1553 870 1627 ἱκανῶς
891 1550 928 1616 ἐν
945 1563 1016 1630 τοίς
1034 1556 1088 1638 ἐμ-

80 1665 234 1745 προσθεν
269 1655 468 1742 ἐξητασμένα
500 1661 640 1744 παρίημι
675 1667 751 1722 νῦν·
789 1658 893 1742 δῆλον
926 1659 1005 1743 γάρ,
1038 1659 1088 1724 ὄτι
1103 1684 1129 1725 ιο

81 1766 212 1830 τούτων
243 1762 471 1848 ἐληλεγμένων
500 1761 580 1829 οὐδὲ
609 1766 668 1829 τὸν
698 1764 863 1828 Πλάτωνα
894 1763 930 1829 ἐκ
961 1766 1089 1830 τούτων

82 1869 195 1936 ἀίδιον
218 1865 305 1935 εἶναι
329 1871 389 1935 τὸν
411 1872 538 1954 κόσμον
562 1868 710 1949 δοξάζειν
733 1872 985 1954 συναχθήσεται.

149 1975 218 2060 κη’.
244 1975 428 2061 Ἑπόμενον
455 1973 484 2040 δ’
508 1974 551 2040 ἀν
573 1981 622 2058 είη
646 1986 716 2052 τοίς
738 1974 924 2060 εἰρημένοις
946 1977 1028 2041 κατὰ
1050 1978 1090 2041 τά

84 2083 121 2149 ἐν
143 2082 228 2168 ἀρχῇ
248 2091 308 2148 τοῦ
326 2081 546 2167 προκειμένου
565 2086 749 2166 κεφαλαίου
767 2082 848 2166 ἡμῖν
866 2080 1090 2167 ἐπηγγελμένα

84 2201 248 2273 σιωπῆσαι
284 2191 418 2271 λοιπόν,
455 2189 484 2253 εἰ
520 2189 563 2272 μὴ
601 2189 700 2265 αὐτὸς
736 2186 842 2275 ἑαυτῷ
876 2190 1019 2253 Πλάτων
1051 2190 1092 2253 τὰ
1105 2213 1131 2255 ιι

85 2296 221 2363 ἐναντία
247 2294 354 2379 λέγων
379 2294 552 2359 ἁλώσεται·
580 2296 609 2359 εί
633 2296 695 2379 γάρ
718 2293 818 2359 παντὶ
840 2292 902 2378 μὲν
924 2294 1090 2383 γενομένῳ

84 2401 154 2467 κατ’
179 2402 282 2467 αὐτὸν
306 2401 422 2486 φθορά
444 2399 536 2465 ἐστιν
558 2399 591 2478 ἐξ
615 2401 773 2484 ἀνάγκης,
796 2402 902 2488 τούτῳ
926 2398 964 2466 δὲ
982 2400 1092 2466 ἕπεται

85 2512 167 2575 κατὰ
194 2510 256 2591 τὴν
283 2511 348 2572 σὺν
380 2506 550 2572 ἀντιθέσει
578 2506 805 2590 ἀντιστροφὴν
832 2508 869 2572 τὸ
896 2517 972 2591 πᾶν,
1002 2507 1020 2572 6
1048 2508 1091 2591 μὴ

85 2619 277 2700 φθείρεται,
305 2623 404 2679 τοῦτο
431 2610 514 2697 μηδὲ
542 2610 729 2696 γεγονέναι,
757 2623 826 2690 πῶς
849 2605 923 2678 οἷόν
945 2612 983 2678 τέ
1003 2612 1094 2679 ἐστιν

86 2723 146 2786 τὸν
174 2720 278 2785 αὐτὸν
305 2720 360 2784 καὶ
390 2721 568 2804 ἄφθαρτον
594 2720 661 2802 ἅμα
687 2717 742 2783 καλ
765 2721 904 2803 γενητὸν
926 2716 1011 2784 εἶναι
1034 2720 1094 2783 τὸν
1107 2746 1134 2786 ιο

86 2830 214 2912 κόσμον
232 2827 473 2904 ὑποτίθεσθαι;
495 2826 579 2910 πρὸς
598 2834 696 2889 τοῦτο
716 2821 753 2889 δὲ
772 2827 935 2908 σύντομος
952 2826 972 2910 ἡ
992 2824 1094 2890 ἀπάν-

86 2952 188 3019 τησις.
226 2935 256 2998 εί
279 2935 341 3017 γδρ
365 2934 401 2997 τὸ
425 2934 507 2997 κατὰ
525 2934 648 3017 χρόνον
667 2929 827 3014 ἀγένητον
845 2930 899 2996 καὶ
917 2933 1095 3017 ἀφθαρτόν

88 3041 180 3108 ἐστιν
206 3042 289 3105 κατὰ
316 3040 431 3124 φύσιν,
459 3045 494 3103 εί
512 3042 585 3120 <τι>
610 3040 674 3123 άρα
700 3040 744 3121 μὴ
771 3039 853 3102 κατὰ
876 3039 982 3122 φύσιν
1005 3037 1096 3103 ἐστὶν

88 3150 278 3232 άφθαρτον,
300 3154 400 3210 τοῦτο
424 3144 465 3209 οὐ
487 3147 570 3210 κατὰ
592 3146 715 3230 χρόνον
738 3142 828 3209 ἐστὶν
851 3142 1024 3228 ἀγένητον·
1054 3143 1095 3208 οὐ

88 3256 171 3318 κατὰ
194 3254 301 3336 φύσιν
323 3248 360 3316 δὲ
383 3253 442 3317 τὸν
465 3254 592 3336 κόσμον
615 3253 792 3336 άφθαρτον
811 3247 896 3315 εἶναι
915 3249 933 3315 6
954 3250 1136 3316 Πλάτωνει

88 3359 250 3442 ὑπέθετο,
279 3357 480 3423 τούναντίον
510 3354 547 3423 δὲ
574 3359 674 3441 φύσει
703 3358 860 3442 φθαρτὸν
888 3352 973 3421 εἶναι
996 3354 1097 3439 λέγει·

89 3468 126 3532 τὸ
150 3467 213 3551 γὰρ
238 3461 340 3530 δεθὲν
363 3466 451 3529 άπαν
473 3464 632 3528 διαλυτὸν
656 3458 755 3527 εἶναι·
778 3461 922 3549 “ἐπείπερ
946 3463 1008 3547 γὰρ
1029 3460 1097 3544 ἐγέ-

163 3629 204 3675 14.
223 3637 288 3745 pff.
305 3627 365 3688 127,
380 3625 414 3673 20
477 3626 518 3675 17.
537 3619 663 3743 φθοραιηῐ
676 3619 730 3674 litt.
746 3619 796 3688 en]
816 3619 845 3672 M
908 3623 949 3672 20.
969 3617 1097 3742 γενητδηη

90 3712 228 3764 αγενητον
375 3698 417 3746 23.
436 3712 463 3746 τι
481 3690 580 3745 οδδιδι
598 3707 630 3744 co
655 3695 736 3758 ‚206
751 3696 775 3745 8.
795 3696 855 3758 208,
871 3696 895 3745 6,
915 3695 948 3743 26
972 3688 1007 3742 δο
1031 3705 1069 3811 ορ

89 3763 189 3818 mundi
210 3763 233 3817 v
251 3769 267 3816 ο
288 3765 359 3831 (ιιι,
374 3769 390 3817 ο
408 3761 573 3831 Reichardt)
658 3766 699 3816 ιι.
720 3761 851 3818 διαλιπὸν
871 3757 946 3817 εἶναι
963 3759 1049 3830 φάε
1064 3762 1110 3812 τι,

92 3835 162 3889 Tim.
177 3835 241 3889 41A
261 3834 292 3888 τὸ
302 3832 358 3900 μὲν
369 3830 421 3888 obv
434 3834 470 3903 δὴ
483 3831 572 3891 δεθέν
589 3841 650 3892 πᾶν
668 3835 779 3912 λυτδν)]
796 3837 925 3893 δυνατον
946 3851 1026 3889 ειυοιι
1035 3829 1078 3884 Ἃ.
1089 3827 1131 3881 'm

86 3908 177 3966 textm
192 3921 220 3954 1³
229 3910 246 3954 1
255 3903 381 3972 inmute-
391 3906 471 3974 ζητει
480 3909 511 3963 ελ
519 3909 652 3970 δυνατὸν
667 3913 853 3971 διαλυεσθαι
867 3910 1041 3984 ὴδοαλυτου
1052 3917 1152 3962 εστιν,

118 3995 226 4035 loma
238 3996 401 4044 Ριιιοεοιευι
415 4003 450 4047 οδ
467 4007 560 4055 Βεθο.
946 4005 986 4056 u>
