2394 4208
627 60 644 99 ιι
667 40 702 157 χ-

620 132 645 183 οἱ

668 206 696 235 χ.

79 529 205 614 x11112]
348 530 396 584 DE
415 529 672 585 mmmmm
690 530 813 587 mm
1026 533 1089 597 511

80 693 189 757 ἀτελεῖ
211 695 275 779 γὰρ
300 691 407 770 ἐοικὸς
435 692 536 758 οὐδέν
562 715 643 759 ποτε
670 693 713 759 ἂν
738 694 869 778 γένοιτο
897 698 1015 760 καλόν·
1051 690 1092 760 οὗ

79 798 121 864 δέ
147 800 237 864 ἐστιν
264 801 304 864 τὰ
331 802 414 864 ἄλλα
442 804 507 887 ζῷα
533 797 609 866 καθ’
633 801 670 865 ἓν
697 799 753 866 καί
774 803 857 867 κατὰ
878 800 958 886 γε’νη
981 806 1091 890 μόρια,

79 909 186 995 τούτῳ
216 908 352 972 πάντων
381 907 580 990 ὁμοιότατον
608 908 712 973 αὐτὸν
741 903 828 973 εἰναι
855 915 1017 993 τιθῶμεν·
1052 911 1092 975 τὰ

79 1015 143 1097 γὰρ
175 1014 215 1096 δὴ
246 1015 349 1097 νοητολ
379 1017 444 1101 ζῷα
475 1012 582 1079 ἐκεῖνο
611 1013 648 1079 ἐν
676 1011 784 1101 ἑαυτῷ
810 1017 992 1100 περιλαβὸν
1014 1018 1091 1101 ἔχει,

79 1121 230 1205 καθάπερ
256 1120 312 1184 ὅδε
336 1120 354 1185 6
378 1123 500 1203 κόσμος
523 1119 649 1204 <ἡμᾶς>
667 1120 730 1185 ὅσα
747 1119 893 1207 τελίίλλα
910 1121 1012 1208 θρίμ-
1031 1139 1070 1181 101.
1079 1142 1146 1183 211v.

79 1251 165 1310 ματα
188 1225 387 1311 ξυνέστηκεν
410 1227 526 1311 ὁραταί·
553 1234 601 1314 τῷ
623 1228 686 1312 γὰρ
710 1236 778 1292 τῶν
799 1226 994 1312 νοουμένων
1015 1234 1091 1319 καλ·
1119 1257 1135 1298 ι

80 1336 180 1421 λίστῳ
209 1332 264 1398 καί
292 1335 374 1398 κατὰ
400 1335 507 1398 πάντα
534 1337 647 1421 τελείῳ
675 1334 816 1418 μάλιστα
843 1334 946 1399 αὐτὸν
969 1334 988 1400 6
1011 1337 1092 1413 θεὸς

80 1439 241 1522 ὁμοιῶσαι
268 1438 451 1523 βουληθείς
475 1444 559 1527 ζῷον
582 1440 620 1504 ἓν
643 1440 764 1525 ὁρατὸν
783 1439 845 1504 ὅσα
863 1440 967 1505 αὐτοῦ
984 1442 1091 1508 πάντα

79 1549 162 1611 κατὰ
191 1549 297 1631 φύσιν
325 1545 467 1631 ξυγγενῆ
496 1550 562 1634 ζῷα
589 1544 682 1623 ἐντὸς
710 1546 814 1611 αὑτοῦ
837 1548 916 1631 ἔχον
938 1544 1090 1631 ξυνέστη-

80 1654 159 1717 σεν’.
206 1655 249 1736 εἰ,
277 1654 427 1739 καθάπερ
455 1654 493 1717 τὸ
521 1660 581 1717 τοῦ
604 1655 731 1737 κόσμου
755 1653 964 1738 παράδειγμα
984 1655 1091 1719 πάντα
1105 1682 1133 1721 ιι

79 1763 119 1824 τιλ
147 1762 249 1843 νοητὰ
277 1764 342 1847 ζῷα
370 1758 406 1824 ἐν
434 1759 524 1847 αὑτῷ
551 1761 733 1844 περιλαβὸν
760 1761 841 1844 ἔχει,
875 1759 963 1824 οὕτω
989 1757 1045 1824 καί
1072 1760 1090 1824 6

79 1870 203 1950 κόσμος
229 1866 314 1950 ἡμᾶς
341 1865 483 1952 περιέχει
511 1864 567 1931 καί
595 1865 657 1931 ὅσοι
685 1867 769 1930 ἄλλα
795 1864 970 1951 θρέμματα
999 1861 1091 1941 ξυνέ-

80 1992 200 2057 στηκεν
229 1973 346 2058 ὁραταί,
376 1975 417 2037 τὰ
448 1969 485 2036 δὲ
515 1973 618 2056 νοητολ
650 1976 716 2060 ζῷα
746 1970 823 2037 καθ’
853 1973 891 2037 ἓν
922 1969 979 2036 καί
1010 1972 1092 2036 κατὰ

80 2079 159 2163 γε’νη
193 2081 293 2164 μόριά
326 2079 417 2144 ε’στιν
447 2078 577 2144 ἐκείνου
607 2087 667 2143 τοῦ
698 2076 795 2166 ζῴου,
824 2079 908 2165 πρὸς
937 2077 955 2142 6
988 2078 1091 2162 παροί-

81 2189 199 2271 ὃειγμα
223 2186 241 2251 6
264 2189 388 2270 κόσμος
411 2185 560 2270 γέγονεν,
583 2184 639 2250 καὶ
661 2185 755 2270 ἡμεῖς
778 2186 843 2271 ἄρα
860 2183 915 2250 καί
933 2186 974 2250 τὰ
992 2186 1132 2253 λοιποίιι

81 2293 183 2378 ὁρατὰ
210 2291 286 2358 καθ’
314 2294 352 2357 ἓν
380 2291 435 2357 καί
463 2294 545 2357 κατὰ
571 2291 651 2376 γένη
675 2290 757 2376 μέρη
781 2290 872 2357 ἐστὶν
894 2293 977 2356 κατὰ
1001 2292 1091 2356 Πλά-

80 2424 169 2465 τωνα
197 2409 257 2464 τοῦ
284 2398 495 2485 περιέχοντος
521 2399 606 2483 ἡμᾶς
628 2402 770 2483 κόσμου·
803 2400 833 2463 εἰ
855 2398 934 2484 γάρ,
957 2399 1002 2474 ὡς
1024 2401 1090 2482 ἔχει

80 2509 117 2571 τὸ
141 2507 223 2571 ὅλον
244 2508 454 2592 παράδειγμα
475 2506 559 2590 πρὸς
580 2507 642 2589 τὴν
665 2505 747 2589 ὅλην
770 2507 893 2588 εἰκόνα,
920 2502 1091 2569 τουτέστιν

80 2615 140 2678 τὸν
167 2616 304 2697 κόσμον,
332 2613 438 2689 οὕτως
465 2615 532 2697 ἔχει
555 2610 611 2677 καὶ
633 2614 673 2676 τὰ
695 2611 760 2677 ὑπὸ
784 2621 845 2676 τοῦ
867 2612 1091 2697 παραδείγμα-

79 2744 135 2796 τος
163 2723 379 2804 περιεχόμενα
406 2721 509 2802 νοητὰ
537 2722 602 2805 ζῷα
624 2719 708 2803 πρὸς
730 2720 770 2783 τὰ
792 2718 858 2784 ὑπὸ
881 2727 939 2802 τῆς
962 2719 1091 2795 εἰκόνος
1104 2743 1131 2783 ιο

78 2829 297 2910 περιεχόμενα
324 2827 467 2908 αἰσθητὰ
495 2829 574 2912 ζῷα,
602 2822 657 2889 καί
686 2822 824 2902 ἐναλλὰξ
853 2826 926 2911 ἄρα,
957 2825 1001 2902 ὡς
1024 2828 1090 2911 ἔχει
1138 2809 1140 2813 ⁵

79 2935 119 2996 τὰ
151 2932 216 2996 ὑπὸ
249 2940 310 2996 τοῦ
341 2932 607 3016 παραδείγματος
642 2933 860 3017 περιεχόμενα
891 2932 993 3015 νοητὰ
1025 2935 1091 3019 ζῷα

79 3040 163 3122 πρὸς
187 3039 283 3121 αὐτό,
308 3037 413 3114 οὕτως
436 3040 502 3121 ἔχει
525 3035 581 3102 καί
603 3038 644 3102 τὰ
666 3036 731 3102 ὑπὸ
758 3046 818 3102 τοῦ
846 3040 972 3121 κόσμου
999 3061 1090 3123 περι-

79 3148 219 3230 εχόμενα
237 3146 380 3228 αἰσθητοὶ
399 3148 463 3232 ζῷα
481 3144 565 3231 πρὸς
587 3143 698 3209 αὐτόν.
740 3145 769 3208 εἰ
793 3139 856 3209 οὖν
878 3146 918 3209 τὰ
940 3144 1006 3209 ὑπὸ
1029 3135 1089 3209 τοῦ

77 3254 343 3337 παραδείγματος
374 3254 591 3335 περιεχόμενα
626 3252 729 3334 νοητὰ
766 3254 831 3338 ζῷα
867 3250 948 3336 με’ρη
986 3251 1089 3316 αὐτοῦ
1103 3274 1130 3315 ιι

78 3360 170 3424 ἐστιν
192 3357 269 3423 καθ’
292 3359 330 3423 ἓν
352 3356 408 3422 καὶ
430 3359 512 3422 κατὰ
534 3356 629 3441 γένη,
651 3355 706 3422 καί
729 3357 769 3421 τὰ
791 3357 857 3422 ὑπὸ
879 3367 938 3442 της
960 3359 1090 3435 εἰκόνος

78 3468 158 3550 ἄρα,
191 3463 276 3548 λέγω
309 3465 350 3547 δὴ
382 3471 443 3527 τοῦ
476 3465 617 3547 κόσμου,
653 3466 869 3549 περιεχόμενα
906 3466 971 3549 ζῷα
1006 3461 1087 3549 μέρη

151 3693 225 3748 λ.νί
245 3689 513 3764 texP1at]0vM
602 3693 703 3756 4.(ῖιζα
722 3689 988 3745 πόνταίθκΡΙολ.

77 3764 284 3836 περιλαβωνΜ
392 3761 765 3832 ὀψιᾶηςυιίόΗίυεΡΙοί
888 3760 1096 3816 86666'266

78 3837 166 3889 αὐτου
186 3835 258 3890 Ρίοἰ.
357 3840 380 3889 9.
400 3834 415 3888 έ
412 3854 517 3904 χονα
484 3833 496 3888 ἑ
498 3841 585 3889 αυτοῦ
603 3833 680 3891 Ρίυἰι.
778 3838 870 3889 (λὼῦ
885 3833 939 3896 ξυυ
904 3847 1063 3896 wan
1031 3827 1120 3879 6666

73 3911 119 3971 (et,
100 3922 176 3958 tex
191 3906 277 3973 Ρίαί.)
367 3911 408 3960 18,
412 3855 632 3982 χπαραδειγμα,
652 3928 702 3973 τος
722 3921 872 3978 summ
891 3905 926 3955 ολ.
941 3917 976 3954 υτ
957 3915 1036 3962 τοὶ,
1043 3894 1087 3943 Ἄ
