2394 4208
561 148 615 197 τ’.

10 39 840 325 m

71 577 122 630 XV
138 579 164 648 1]
336 577 384 631 DE
403 577 660 633 AETERNITATE
679 577 801 634 MVNDI
1014 580 1078 644 551

231 795 405 878 Κεφάλαια
427 805 485 878 τῆς
508 797 632 873 λύσεως
655 805 715 860 τοῦ
739 794 786 860 ιε’
805 799 918 878 λόγου.

137 917 179 983 α’.
208 917 378 1002 Ἐξήγησις
402 930 458 1003 τῆς
486 921 635 997 διανοίας
662 929 722 984 τοῦ
751 918 798 985 ιε’
822 919 1079 1005 ἐπιχειρήματος.

136 1023 180 1106 β’.
208 1023 275 1089 Ὁτι
304 1026 365 1090 οὐκ
394 1026 505 1112 ὀρθῶς
527 1028 588 1110 τὴν
611 1027 695 1111 πρὸς
718 1027 755 1090 τὸ
780 1028 919 1091 αἰώνιον
941 1035 1001 1090 τοῦ
1024 1029 1079 1090 κό-

68 1149 155 1215 σμου
179 1134 385 1217 παράδειγμα
409 1134 568 1218 ὁμοίωσιν
591 1132 763 1216 ἐξείλομεν
786 1132 804 1196 ὁ
825 1134 987 1216 Πρόκλος.
1024 1130 1078 1196 καί

68 1249 138 1314 πῶς
170 1241 251 1303 κατὰ
280 1242 444 1305 Πλάτωνα
476 1241 640 1324 ὡμοίωται
674 1238 691 1304 ὁ
722 1241 845 1323 κόσμος
875 1246 920 1324 τῷ
954 1240 1077 1325 αἰωνίῳ
1106 1267 1118 1307 5

67 1346 307 1428 παραδείγματι
332 1346 432 1422 αὐτὸς
456 1345 561 1431 ἀρχὴν
584 1349 668 1430 ἔχων
691 1355 751 1410 τοῦ
775 1340 870 1409 εἶναι.

85 1500 90 1510 .
137 1449 179 1533 γ’.
203 1449 288 1535 Ὅτι,
312 1454 342 1517 εἰ
365 1452 485 1538 ἀκριβῆ
509 1454 569 1536 τὴν
594 1452 754 1536 ὁμοίωσιν
772 1460 832 1515 τοῦ
851 1453 977 1533 κόσμου
995 1451 1079 1536 πρὸς

67 1557 106 1618 τὸ
129 1559 337 1643 παράδειγμα
361 1559 601 1643 ἀπαιτήσωμεν,
625 1556 696 1622 οὐδ’
717 1558 801 1633 ὅλως
820 1557 1014 1640 ὠμοιῶσθαι
1031 1565 1078 1644 τῷ

67 1665 305 1748 παραδείγματι
328 1667 388 1730 τὸν
410 1668 536 1750 κόσμον
559 1663 732 1748 ἐνδέχεται.
768 1661 823 1727 καί
847 1663 897 1727 ὅτι
920 1664 1001 1726 κατὰ
1020 1663 1078 1727 δύ-

66 1794 169 1853 ναμιν
192 1772 242 1835 δεῖ
266 1775 326 1855 τὴν
349 1775 462 1837 εἰκόνα
485 1773 678 1856 ὡμοιῶσθαι
697 1779 743 1857 τῷ
761 1769 1012 1854 παραδείγματι,
1031 1770 1076 1847 ὡς
1089 1800 1115 1838 ιο

66 1875 120 1940 καὶ
154 1888 221 1940 τῶν
252 1880 360 1942 όντων
395 1877 536 1943 ἕκαστον
571 1880 803 1961 παραπλήσιον
839 1875 967 1959 λέγεται
1004 1882 1076 1962 θεῷ

66 1984 240 2065 γεγονέναι
264 1986 345 2048 κατὰ
369 1986 521 2067 δύναμιν.

248 2216 353 2291 Λύσις
376 2223 435 2278 τοῦ
458 2215 752 2278 πεντεκαιδεκάτου
781 2217 893 2296 λόγου.

134 2336 175 2401 α’.
205 2335 238 2400 Ὁ
261 2341 476 2422 προκείμενος
498 2337 789 2414 πεντεκαιδέκατος
812 2341 911 2420 λόγος
934 2336 952 2401 ὁ
976 2336 1076 2414 αὐτός

65 2443 157 2506 ε’στιν
185 2445 304 2527 σχεδὸν
332 2452 377 2530 τῷ
406 2443 562 2530 δευτέρῳ·
599 2442 653 2508 καί
682 2444 718 2508 ε’ν
745 2445 850 2530 τούτῳ
875 2444 936 2528 γὰρ
960 2440 1014 2506 καί
1039 2442 1075 2507 ἐν
1090 2472 1115 2511 15

67 2549 181 2635 ε’κείνῳ
206 2549 241 2613 ἐκ
263 2559 323 2613 τοῦ
348 2549 398 2615 ἀεὶ
422 2545 506 2614 εἶναι
530 2552 611 2614 κατὰ
631 2551 794 2614 Πλάτωνα
812 2552 849 2614 τὸ
868 2558 928 2614 τοῦ
946 2551 1074 2633 κόσμου

66 2657 273 2740 παράδειγμα
296 2658 332 2720 τὸ
356 2655 410 2720 καί
433 2659 494 2739 τὴν
517 2665 577 2721 τοῦ
600 2658 865 2741 παραδείγματος
884 2657 997 2720 εἰκόνα
1015 2656 1075 2720 τὸν

64 2764 190 2845 κόσμον
218 2761 268 2826 ἀεὶ
298 2758 382 2827 εἶναι
407 2766 659 2846 συνελογίσατο,
688 2761 757 2826 ἀλλ’
782 2762 849 2827 ε’κεί
870 2759 932 2846 μὲν
955 2761 990 2826 ἐκ
1013 2771 1073 2826 τοῦ

64 2870 148 2952 πρὸς
172 2871 298 2952 ἄλληλα
322 2865 407 2933 εἶναι
432 2871 492 2952 τὴν
516 2871 628 2933 εἰκόνα
651 2868 705 2933 καί
729 2869 765 2933 τὸ
788 2869 996 2954 παράδειγμα
1018 2867 1073 2933 καὶ

64 2977 107 3057 μὴ
132 2976 301 3039 δύνασθαι
325 2977 491 3060 <θοίτερον
514 2971 599 3039 εἶναι
622 2975 767 3060 θατέρου
790 2978 833 3060 μὴ
854 2976 972 3058 ὄντος>
996 2974 1073 3061 (θα-
1087 3004 1114 3042 εο

63 3081 162 3165 τίρου
187 3077 249 3147 οὖν
273 3081 322 3146 ἀεὶ
347 3084 456 3165 ὄντος,
480 3091 540 3146 τοῦ
562 3083 842 3166 παραδείγματος,
865 3081 920 3146 καί
943 3083 979 3145 τὸ
1004 3086 1072 3145 λοι-

62 3190 139 3270 πόν,
166 3189 227 3270 τὴν
255 3190 381 3271 εἰκόνα,
410 3193 524 3272 φησίν,
553 3187 603 3253 ἆεί
632 3184 717 3253 εἶναι
746 3187 898 3272 ἀνάγκη),
925 3187 1072 3252 ἐνταῦθα

63 3291 99 3357 δὲ
132 3293 167 3357 ἐκ
196 3304 256 3358 τοῦ
288 3296 359 3359 δεῖν
386 3297 531 3379 πάντας,
561 3296 606 3372 ὡς
634 3296 725 3360 δοκεῖ
753 3295 924 3379 Πλάτωνι,
952 3293 1072 3377 ὁμοίαν

62 3397 148 3465 εἶναι
171 3403 233 3484 τὴν
255 3402 368 3465 εἰκόνα
390 3410 436 3488 τῷ
459 3403 706 3486 παραδείγματι.
748 3401 784 3465 τὸ
809 3398 846 3466 δὲ
864 3402 1071 3486 παράδειγμα
1085 3428 1111 3468 ει

61 3517 121 3571 τοῦ
145 3510 285 3590 κόσμου,
307 3508 310 3590 ἰ
332 3512 446 3590 φησίν,
474 3507 584 3591 τρισὶν
607 3506 738 3592 ἐξυμνεῑ
761 3509 892 3584 τούτοις
915 3507 989 3573 όνό-
1008 3525 1122 3567 romv-

134 3741 158 3787 2.
178 3753 351 3803 επιχειματος
369 3735 398 3788 Μ
487 3740 511 3788 ὃ.
531 3734 663 3804 δμοιαται
681 3732 726 3788 Mb
816 3741 840 3790 8.
860 3734 1068 3808 ἀπαιτήσωμεν]

60 3806 256 3873 ἀπαντισωμεν
274 3805 328 3871 M⁰;
358 3804 559 3874 ἆπαντησωμεν
576 3804 621 3859 Mb
699 3812 741 3860 12.
759 3824 875 3876 γεγουεν
894 3825 973 3858 κατα
987 3808 1082 3856 δυνα-

59 3897 116 3942 μην
133 3874 178 3928 Mb
268 3883 308 3930 16.
326 3894 391 3947 pag.
409 3883 452 3946 24,
469 3883 503 3932 14
594 3883 641 3933 κδ.
659 3876 790 3947 θάτερον
806 3864 1109 3932 -ssmmkkss

52 3949 155 4011 2413)
246 3952 286 4000 20.
305 3954 346 4005 21.
366 3951 540 4026 θατεροίυἰ,
560 3968 598 4009 ex
617 3973 648 4023 ν,
660 3951 699 4007 M
