2394 4208
89 551 131 608 VI
144 556 186 607 λδ.
202 552 248 624 27]
356 551 403 605 DE
421 550 678 607 AETERNITATE
695 551 816 607 MVNDI
1026 553 1089 620 211

92 716 203 802 βλήτω
231 713 286 779 καλ
309 712 360 779 ἀεὶ
383 716 527 779 κατὰτὰ
550 715 633 779 αὐτά
655 714 710 781 καί
733 716 888 792 ὡσαύτως
912 718 1020 800 ἔχοντι
1043 715 1099 782 καί

87 828 200 908 νοητῷ
223 822 261 886 τὸ
285 822 489 906 μεταβλητὸν
512 819 566 886 καλ
589 821 751 904 μηδέποτε
774 822 929 898 ὡσαύτως
948 824 1025 907 ἔχον
1043 822 1098 888 καλ

92 928 272 1011 αἰσθητόν,
304 928 341 990 τὸ
372 923 408 991 δὲ
439 926 673 1012 ἀμετάβλητον,
703 920 723 1012 ή
751 927 975 1011 ἀμετάβλητόν
1002 928 1102 1015 ἐστιν,

91 1035 243 1119 ἀναρχόν
274 1032 365 1099 ἐστιν
392 1035 474 1098 κατὰ
500 1036 632 1119 χρόνον,
660 1035 696 1098 τὸ
725 1036 788 1117 ἀρα
814 1036 1017 1119 μεταβλητὸν
1042 1035 1103 1101 οὐκ

90 1143 239 1225 ἄναρχον
267 1143 357 1205 ἔσται
380 1141 462 1204 κατά
486 1143 618 1225 χρόνον,
641 1133 662 1224 ή
684 1143 839 1205 τοιοῦτόν
862 1141 961 1206 ἐστιν.

162 1245 227 1327 κζ’.
255 1244 345 1311 Ἐπεὶ
373 1241 437 1311 οὖν
464 1244 482 1310 δ
511 1249 610 1329 λόγος
637 1248 757 1322 ἱκανῶς
785 1245 917 1330 ἔδειξεν,
949 1247 994 1324 ὡς
1020 1249 1102 1312 κατὰ

44 1386 47 1391 ·
91 1356 218 1440 χρόνον
249 1351 422 1436 γεγονέναι
454 1353 514 1417 τὸν
545 1356 671 1436 κόσμον
708 1351 725 1417 ὁ
760 1354 901 1417 Πλάτων
935 1354 1101 1438 βούλεται,

87 1458 264 1526 τουτέστιν
290 1458 395 1544 ἀρχὴν
422 1467 482 1523 τοῦ
511 1454 596 1523 εἶναι
625 1462 712 1542 ἔχειν
740 1457 821 1544 πρὶν
850 1458 1008 1542 γενέσθαι
1039 1460 1101 1524 οὐκ

95 1568 192 1650 όντα,
218 1565 335 1651 καιρὸς
362 1563 404 1628 ἀν
431 1570 481 1648 είη
510 1565 629 1630 λοιπὸν
656 1562 710 1629 καλ
733 1565 790 1641 τὰς
813 1575 880 1629 τῶν
902 1568 1101 1650 φιλοσόφων

87 1671 165 1757 περὶ
198 1671 301 1735 αὐτοῦ
333 1669 548 1755 παραθέσθαι
581 1673 770 1755 μαρτυρίας.
826 1672 904 1746 τοὺς
940 1668 1001 1754 μὲν
1037 1667 1100 1738 οὖν
1113 1699 1139 1739 ιο

92 1776 178 1862 ἀμφὶ
195 1778 416 1863 Πλούταρχον
434 1780 570 1863 παρήσω
590 1774 644 1840 καὶ
660 1774 808 1840 Ἀττικὸν
826 1776 1100 1860 ὡμολογημένους

89 1887 180 1969 παρά
202 1894 305 1948 πᾶσιν
328 1884 440 1966 ὄντας,
464 1883 510 1959 ὡς
533 1869 717 1968 διαρρήδην
740 1882 980 1966 ἀποφαίνονται
1006 1906 1099 1967 γενη-

88 1993 150 2056 τὸν
178 1986 263 2055 εἶναι
290 1989 372 2054 κατά
399 1991 523 2074 χρόνον
546 1990 605 2052 τὸν
628 1991 754 2072 κόσμον
777 1995 910 2053 οἴεσθαι
935 1990 1099 2054 Πλάτωνα

88 2097 144 2163 καὶ
172 2098 256 2184 πρὸς
283 2099 362 2172 τοὺς
388 2095 546 2159 τάναντία
574 2094 768 2174 δοξάζοντας
791 2095 1098 2160 ἀντικαθίστανται·

87 2205 153 2289 ήδη
187 2200 222 2269 δὲ
255 2201 309 2268 καλ
341 2203 467 2288 μακράς
498 2203 626 2266 τούτων
654 2203 833 2288 περικοπὰς
863 2204 894 2266 ολ
925 2210 984 2266 τοῦ
1015 2200 1091 2267 καθ’
1111 2228 1136 2269 ιι

87 2311 174 2395 ἡμᾶς
190 2313 293 2393 λόγου
313 2311 486 2392 γενόμενοι
507 2309 701 2373 διδάσκαλοι
720 2307 757 2372 έν
775 2319 845 2385 τοῖς
863 2310 997 2384 οἰκείοις
1015 2331 1096 2394 παρ-

89 2415 208 2482 έθεντο
233 2417 496 2502 συγγράμμασιν,
520 2409 569 2479 ὡν
592 2414 683 2479 ἐστιν
705 2413 760 2479 καλ
783 2413 801 2478 ὁ
825 2424 882 2498 τῆς
901 2413 1097 2499 Καισαρέων

88 2521 264 2606 ἐκκλησίας
294 2522 501 2606 ἡγησάμενος
532 2519 703 2603 Εὐσέβιος.
750 2521 833 2585 ὅθεν
865 2522 1004 2597 τούτους
1035 2518 1097 2604 μέν

89 2629 156 2713 ἐγὼ
179 2638 244 2694 νῦν
265 2631 413 2713 παρήσω,
436 2629 496 2692 τὸν
519 2624 555 2692 δέ
578 2636 638 2691 τοῦ
663 2628 843 2703 Πλάτωνος
866 2625 1031 2713 ἀκροατήν
1049 2635 1095 2714 τῷ

87 2739 178 2824 λόγῳ
205 2738 453 2820 παραστήσομαι
480 2735 643 2819 μάρτυρα·
672 2738 721 2810 τίς
744 2735 806 2818 γάρ
830 2731 1095 2818 ἀξιοπιστότερος
1109 2758 1135 2798 ιο

86 2843 214 2928 μάρτυς
236 2851 294 2926 τῆς
318 2840 497 2915 Πλάτωνος
521 2837 618 2921 δόξης
641 2836 761 2921 γένοιτ’
779 2837 821 2902 δν
839 2836 1095 2924 Ἀριστοτέλους,

86 2949 127 3026 ὃς
153 2952 259 3012 είκοσι
286 2944 347 3030 μέν
374 2968 439 3009 που
464 2944 637 3020 ἐνιαυτοὺς
659 2942 943 3027 μεμαθητευκέναι
968 2944 1094 3028 λέγεται

87 3055 261 3138 Πλάτωνι,
290 3052 442 3137 ἀγχινοίᾳ
465 3047 501 3115 δὲ
528 3052 621 3133 τούς,
650 3050 723 3114 ὅσοι
749 3052 880 3115 πώποτε
902 3051 966 3134 πρὸ
991 3050 1094 3115 αὐτοῦ

85 3158 164 3247 παρ’
188 3157 325 3243 Ἕλλησι
355 3161 525 3242 γεγόνασι,
555 3157 792 3242 ὑπερηκόντισε
824 3155 879 3221 καὶ
910 3156 975 3220 ὑπὸ
1005 3157 1094 3220 Πλά-

85 3289 194 3343 τωνος
220 3273 383 3329 τοσοῦτον
409 3273 467 3348 τῆς
495 3263 665 3347 ἀγχινοίας
691 3259 849 3349 ήγάήσθη,
879 3262 923 3338 ὡς
951 3270 1031 3338 νοῦς
1049 3277 1146 3318 tonsor.

85 3381 147 3457 τῆς
170 3373 341 3457 διατριβῆς
363 3368 419 3436 ὑπ’
448 3369 551 3434 αὐτοῦ
574 3371 892 3455 προσαγορεύεσθαι.
938 3369 995 3444 τάς
1017 3369 1093 3432 τού·
1107 3393 1133 3434 ει

85 3503 148 3545 του
176 3474 214 3543 δὲ
241 3479 352 3563 ῥήσεις
374 3475 636 3561 παρατιθέμενος
659 3476 725 3558 άμα
747 3473 801 3538 καλ
825 3476 881 3551 τὰς
904 3473 1092 3556 ὑπομνημα-

87 3587 181 3662 τικδς
210 3585 320 3649 αὐτῶν
348 3582 516 3666 ἐξηγήσεις
534 3579 752 3666 Ἀλεξάνδρου
776 3588 835 3644 τοῦ
855 3577 1093 3665 Ἀφροδισιέως

83 3694 323 3779 παραθήσομαι
352 3698 441 3773 σαφῆ
470 3710 504 3751 τε
532 3688 587 3751 διά
614 3687 735 3751 τούτου
762 3687 823 3770 την
846 3683 1093 3771 Ἀριστοτέλους

150 3924 190 3968 18.
210 3916 346 3983 ίυσεβειος
360 3914 396 3966 Μ
470 3922 512 3972 28.
533 3905 720 3991 αφροδισέως
738 3921 770 3978 Μ

908 4013 970 4074 14⁸
