2394 4208
76 587 142 641 xm
160 589 205 659 ιι]
344 586 392 640 οε
411 585 669 640 mmmm
687 583 855 643 mm·
1022 587 1085 653 507

75 749 295 833 ὑποκειμένης
331 759 391 833 γῆς
427 756 473 837 τῷ
510 749 608 814 ὅδατι
645 750 852 835 συμβέβηκεν
883 749 938 816 καὶ
971 751 1088 828 οὐσίας

75 856 199 932 ὅδατος
222 857 391 940 διαφορὰν
414 855 475 919 οὐκ
499 853 679 942 ἐργάζεται·
702 855 757 922 καὶ
779 857 799 941 ἡ
824 854 907 941 φλὸξ
932 854 969 921 δέ
987 856 1088 944 ὑπερ·

75 964 160 1046 βολή
182 985 232 1038 τις
255 958 341 1026 εἶναι
364 962 470 1048 πυρὸς
492 959 547 1026 καὶ
571 963 612 1027 οὐ
633 964 670 1027 τὸ
690 964 897 1046 στοιχειῶδες
914 973 982 1049 πῦρ
1001 964 1088 1048 ὠμο·

76 1070 212 1151 λόγηται
244 1067 299 1134 καὶ
333 1066 385 1133 ἐπὶ
418 1079 486 1132 τῶν
517 1072 644 1134 λοιπῶν
676 1070 840 1146 ὡσαύτως.
891 1071 920 1135 εί
951 1065 1015 1135 οὖν
1045 1071 1086 1134 τὰ

76 1175 138 1238 ὅλα
165 1186 309 1259 στοιχεῖα
337 1174 472 1259 ὁμοειδῆ
501 1185 571 1252 τοῖς
599 1177 699 1253 ἰδίοις
726 1176 912 1263 ὑπάρχουσι
940 1175 1085 1263 μέρεσιν,
1112 1203 1126 1244 ε

75 1289 136 1345 τοῦ
169 1277 206 1345 δέ
239 1281 319 1345 ὅλου
353 1282 480 1364 κόσμου
513 1283 770 1366 συμπληρωτικά
802 1280 893 1347 ἐστιν
927 1282 972 1358 ὡς
1002 1280 1084 1366 μέρη

75 1387 179 1451 αὐτοῦ
207 1389 247 1451 τὰ
274 1397 433 1471 στοιχεῖα,
460 1385 516 1451 καὶ
543 1389 583 1452 τὰ
610 1398 678 1452 τῶν
708 1391 880 1472 στοιχείων
911 1389 976 1473 άρα
1002 1386 1084 1473 μέρη

75 1495 333 1579 συμπληρωτικὰ
355 1495 436 1558 ὅντα
459 1504 526 1557 τῶν
550 1494 647 1558 ίδίων
665 1493 832 1578 ὁλοτήτων
850 1492 983 1559 καὶτοῦ
1004 1494 1084 1559 ὅλου

74 1602 201 1683 κόσμου
230 1597 321 1665 ἐστίν
349 1600 605 1684 συμπληρωτικὰ
633 1601 677 1676 ὡς
704 1598 786 1686 μέρη
815 1600 919 1665 αὐτοῦ
941 1599 961 1683 ἣ
985 1602 1086 1685 μόρια

74 1706 274 1791 ὑπάρχοντα.
311 1707 340 1770 εἰ
360 1701 396 1770 δέ
414 1705 553 1792 τὰμέρη
577 1717 645 1770 τῶν
667 1710 840 1791 στοιχείων
863 1707 984 1789 γενητὰ
1004 1709 1085 1772 ὅντα
1098 1734 1126 1773 ιο

74 1811 130 1876 καὶ
160 1814 297 1897 φθαρτὰ
325 1821 386 1876 τοῦ
417 1812 497 1876 ὅλου
525 1815 653 1895 κόσμου
684 1811 775 1878 ἐστὶν
801 1811 899 1897 μέρη,
930 1812 991 1877 οὐκ
1021 1814 1085 1899 ὰρα

74 1919 182 1983 πάντα
217 1921 257 1983 τὰ
297 1922 456 2002 γινόμενα
495 1916 551 1983 καὶ
593 1922 801 2004 φθειρόμενα
841 1918 1086 2001 ἀποτελέσματα

75 2023 166 2090 ἐστιν
188 2033 249 2089 τοῦ
272 2027 398 2107 κόσμου
421 2022 477 2089 κοιλ
500 2023 541 2089 οὐ
564 2023 654 2109 μέρη.
691 2025 773 2108 τάχα
795 2020 832 2089 δέ
850 2023 1086 2111 ἀκριβέστερόν

74 2155 125 2206 τις
155 2132 330 2214 γυμνάζων
359 2131 399 2193 τὰ
428 2138 565 2194 τοιαῦτα
594 2132 745 2194 καθόλου
775 2130 883 2213 ψευδῆ
916 2131 997 2195 ὅντα
1026 2131 1086 2196 τὸν

76 2238 234 2319 Πρόκλου
267 2238 371 2318 λόγον
403 2235 544 2320 εὑρήσει.
590 2236 620 2299 εί
651 2237 714 2320 γὰρ
747 2237 787 2300 τὰ
816 2247 883 2300 τῶν
913 2240 1085 2321 στοιχείων
1100 2263 1126 2305 ιε

74 2340 156 2425 μέρη
187 2340 242 2405 κοιλ
273 2350 333 2405 τοῦ
364 2341 444 2406 ὅλου
475 2343 602 2426 κόσμου
631 2340 711 2428 μέρη
741 2339 832 2407 ἐστὶν
859 2341 878 2425 ἢ
907 2345 1021 2429 μόρια,
1049 2342 1085 2408 ἐκ

75 2447 204 2511 τούτων
240 2443 277 2512 δὲ
313 2448 421 2511 πάντα
456 2449 496 2512 τὰ
536 2449 684 2513 σύνθετα
724 2446 904 2531 συνέστηκε
941 2450 1085 2533 σώματα,

74 2564 144 2629 πῶς
167 2554 229 2618 οὐκ
252 2553 377 2637 άνάγκη
400 2553 456 2618 κοιλ
479 2556 519 2619 τὰ
543 2555 690 2619 σύνθετα
711 2555 819 2619 πάντα
841 2556 975 2638 σώματα
1001 2554 1084 2642 μέρη

74 2656 160 2724 εἶναι
190 2670 250 2724 τοῦ
279 2663 405 2745 κόσμου
429 2660 448 2744 ἢ
473 2663 586 2746 μόρια;
618 2662 816 2743 θαυμαστὸν
838 2663 901 2746 γὰρ
925 2657 1031 2746 οἶμαι,
1055 2664 1084 2728 εἰ

73 2778 141 2831 τῶν
164 2766 360 2832 συνθέντων
383 2771 556 2851 στοιχείων
579 2765 717 2832 ἕκαστον
737 2768 778 2831 τὰ
798 2766 802 2853 λ
822 2778 889 2830 τῶν
913 2765 1004 2855 ζῴων
1027 2784 1138 2828 somma

73 2872 128 2937 καὶ
161 2884 278 2957 φυτῶν
315 2876 462 2958 σώματα,
499 2873 583 2957 λέγω
617 2875 657 2956 δη
690 2874 727 2937 τὸ
760 2874 898 2958 μερικὸν
929 2882 995 2958 πῦρ
1028 2873 1124 2942 καὶιι

71 2980 211 3064 μερικὸν
238 2980 329 3064 ὅδωρ
357 2982 378 3063 ἥ
406 3004 441 3044 τε
468 2990 509 3063 γη
538 2977 593 3044 καὶ
617 2979 635 3044 ὁ
659 2979 737 3066 ὰηρ,
759 2989 820 3043 τοῦ
843 2983 969 3063 κόσμου
994 2980 1084 3047 ἐστὶν

71 3089 187 3169 μόρια,
219 3088 259 3150 τὰ
291 3083 327 3150 δέ
360 3085 395 3150 έκ
427 3097 494 3150 τῶν
521 3095 581 3150 τοῦ
608 3087 736 3170 κόσμου
764 3090 964 3169 συγκείμενα
991 3088 1035 3170 μὴ
1061 3081 1084 3172 η’

71 3200 133 3255 τοῦ
161 3195 287 3276 κόσμου
315 3195 426 3276 μόρια·
464 3194 573 3276 ὥσπερ
602 3193 664 3277 γὰρ
693 3193 730 3256 τὸ
758 3201 816 3275 τῆς
843 3193 952 3278 θύρας
974 3192 1083 3279 μέρος,

73 3297 159 3381 φημί
190 3300 229 3381 δὴ
260 3299 337 3363 τόδε
365 3299 403 3362 τὸ
436 3296 547 3382 ξύλον,
577 3298 676 3382 μέρος
706 3296 796 3363 ἐστίν
825 3307 885 3362 τοῦ
916 3298 997 3363 ὅλου
1028 3297 1124 3376 ξύ-ει

72 3408 146 3487 λου,
170 3403 243 3489 φέρ’
267 3406 372 3470 εἰπεῖν
398 3415 457 3488 τῆς
487 3406 603 3491 δρυός,
631 3403 664 3481 ἐξ
694 3400 733 3487 ἧς
763 3403 995 3489 άποτέτμηται,
1027 3405 1082 3471 καὶ

72 3511 129 3573 διὰ
160 3520 258 3574 τοῦτο
295 3510 348 3575 καλ
386 3511 406 3594 ἡ
439 3511 499 3594 ὅλη
530 3513 621 3596 θύρα
654 3508 686 3586 ἐξ
719 3510 864 3593 ἀνάγκης
900 3512 945 3587 ὡς
981 3508 1084 3587 ξύλον

70 3627 129 3699 της
157 3617 257 3700 αὐτῆς
284 3618 387 3702 δρυός
416 3616 506 3681 ἐστιν
533 3617 645 3702 μέρος,
678 3616 764 3680 οὕτω
794 3617 901 3700 δήπου
932 3619 1014 3682 κατὰ
1043 3619 1081 3683 τὸ

142 3885 182 3931 20,
202 3877 376 3953 συνθέντων]
393 3884 535 3938 σννθετον
554 3881 600 3954 Μ,
628 3879 778 3938 συνθέτων
797 3885 836 3951 px
891 3885 942 3930 ⁴2⁴2.
959 3880 1054 3944 *affl
1066 3869 1135 3930 QX

56 3948 112 4016 γὰο,
136 3950 283 4019 νεειγσμον
300 3950 334 4003 Μ
