2394 4208
628 38 647 89 ί·
667 38 707 147 ,a

10 37 848 328 -ῗΙ

85 578 149 632 XIII
164 579 193 650 9]
348 577 397 631 DE
417 577 673 632 AETERNITATE
691 576 813 632 MVNDI
1025 576 1089 640 501

84 741 146 805 οὐκ
169 743 232 826 όίρα
256 739 421 826 ἐνδέχεται
444 743 481 806 τὸ
505 742 626 826 μόριόν
643 764 736 817 τινος
754 740 857 805 αὐτοῦ
877 738 1006 805 ἐκείνου
1026 742 1093 824 όίμα

83 847 138 912 καὶ
165 849 247 912 κατὰ
273 850 314 912 τὰ
341 849 424 913 αὐτὰ
451 847 506 912 καλ
534 845 738 931 ἀποτέλεσμα
761 843 855 912 εἶναι.
900 846 1093 933 προσέθηκα

84 953 113 1018 δ’
142 955 219 1038 Ἥμα
248 952 303 1018 καὶ
333 956 415 1018 κατὰ
444 953 589 1037 ταύτόν,
619 954 705 1018 διότι
734 953 755 1037 ἡ
784 955 831 1030 είς
858 955 918 1037 τὴν
948 963 1008 1018 τοῦ
1039 952 1093 1037 ἐμ-

83 1063 191 1145 βρόου
219 1060 353 1143 γένεσιν
380 1058 700 1146 παραλαμβανομέυη
729 1062 818 1145 παρὰ
844 1068 904 1124 τοῦ
927 1059 1092 1144 πατρὸςῆ

84 1178 141 1251 τῆς
177 1168 300 1251 μητρὸς
335 1168 398 1250 ὕλη
437 1159 511 1231 οἷον
547 1167 584 1230 τὸ
623 1165 750 1250 σπέρμα
786 1165 841 1230 καλ
878 1167 915 1230 τὸ
952 1169 1094 1250 καταμη-
1122 1192 1134 1231 5

85 1272 169 1359 υιλου
196 1276 317 1357 μόριον
344 1270 405 1357 μὲν
435 1279 513 1349 ίσως
539 1271 582 1336 ἂν
605 1279 654 1356 εἴη
679 1282 746 1337 τῶν
770 1273 1011 1356 γεννησάντων,
1035 1290 1074 1330 τοι.
1083 1292 1146 1332 2011.

84 1378 155 1443 ἀλλ’
183 1380 244 1464 οὐχ
273 1382 339 1463 ἅμα
365 1378 420 1444 καὶ
448 1381 530 1443 κατὰ
557 1379 657 1444 ταύτὸ
686 1377 741 1444 καλ
765 1377 970 1462 ιἰποτίλεσμολ
993 1378 1094 1463 ἐστιν,

84 1485 154 1550 ἀλλ’
186 1487 266 1551 ὅταν
296 1487 466 1571 ἀλλοιωθη
496 1484 552 1550 καλ
581 1487 782 1570 μεταβληθῇ.
829 1486 905 1550 οὔτε
936 1481 1009 1569 οὖν,
1041 1486 1094 1550 ὅτε

84 1592 211 1678 σπέρμα
242 1592 332 1657 ἐστίν
360 1592 380 1676 ἢ
411 1595 624 1676 καταμήνιον,
653 1591 857 1676 ἄποτόλεσμοί
886 1590 977 1657 ἐστιν
1008 1593 1095 1676 οὔτε,

84 1700 165 1763 ὅταν
194 1698 294 1784 μέρος
322 1709 383 1764 τοῦ
413 1698 561 1784 ἕμβρύου
591 1699 725 1782 γίνηται
755 1695 889 1784 φθαρλν
916 1697 971 1763 καὶ
999 1722 1094 1783 μετα-
1109 1725 1136 1764 ιο

83 1802 212 1888 βληθὲν
240 1806 287 1881 είς
314 1807 375 1888 τὴν
403 1805 533 1871 ἐκείνου
561 1807 678 1890 φύσιν,
706 1808 826 1890 μόριον
850 1808 898 1870 ἔτι
922 1803 1012 1870 ἐστίν
1034 1814 1094 1869 τοῦ

85 1912 340 1988 ἀποτελοῦυτος·
363 1913 462 1996 ὥστε,
485 1914 515 1977 εί
537 1914 637 1997 μόρια
660 1910 714 1976 ἐπὶ
737 1920 797 1976 τοῦ
821 1915 948 1996 κόσμου
971 1913 1011 1975 τὰ
1028 1922 1096 1976 τῶν

86 2022 259 2102 στοιχείων
286 2017 383 2104 μέρη,
412 2019 473 2082 οὐκ
503 2017 545 2082 όλν
575 2023 624 2102 είη
655 2027 716 2083 τοῦ
740 2019 844 2083 αὐτοῦ
867 2016 922 2083 καλ
945 2017 1096 2083 ἀποτελέ-

85 2143 199 2207 σματα.
245 2123 328 2188 ἀλλὰ
351 2126 417 2209 μὴν
439 2126 480 2189 τὰ
503 2125 658 2190 ὁπωσοῦν
688 2127 848 2208 γινόμενα
877 2123 932 2189 καὶ
957 2127 1096 2210 φθειρό·

84 2254 167 2313 μενα
204 2229 449 2314 ἀποτελέσματοί
481 2230 572 2296 ἐστιν
603 2240 663 2295 τοῦ
695 2233 837 2314 κόσμου,
875 2232 919 2308 ὡς
953 2233 1094 2318 Πρόκλῳ
1112 2257 1136 2296 ιι

87 2338 191 2401 δοκεῖ·
222 2339 263 2401 τὰ
290 2339 354 2421 όίρα
380 2347 448 2401 τῶν
475 2340 647 2420 στοιχείων
669 2336 750 2422 με’ρη
775 2336 830 2402 καὶ
854 2336 1097 2421 ἀποτελέσματό

85 2443 175 2508 ἐστιν
203 2452 263 2507 τοῦ
291 2447 417 2526 κόσμου
446 2442 501 2507 καλ
531 2443 592 2508 οὐκ
615 2445 707 2507 ἔστιν
729 2445 831 2508 πάλιν
855 2444 958 2508 αὐτοῦ
982 2443 1096 2508 ἀποτε-

86 2547 237 2632 λέσματα.
288 2551 395 2626 ἄλλως
427 2572 462 2614 τε
494 2547 557 2613 κόὶν
589 2553 786 2635 συγχωρήσῃ
819 2573 868 2627 τις
901 2548 1096 2633 ἐνδέχεσθαι

87 2655 143 2720 ἐπί
163 2679 265 2719 τινων
288 2657 328 2719 τὰ
351 2655 434 2719 αὐτὰ
456 2663 517 2719 τοῦ
542 2655 645 2719 αὐτοῦ
664 2653 719 2719 καὶ
737 2654 818 2741 μέρη
839 2652 924 2720 εἶναι
943 2654 997 2720 καλ
1017 2655 1097 2721 ἀπο-

86 2759 279 2844 τελέσματα,
312 2757 414 2825 οὐδὲν
440 2756 541 2843 ἧττον
568 2760 624 2826 καί
653 2761 758 2838 οὕτως
789 2763 836 2838 είς
867 2761 1048 2846 ἀντίφασιν
1078 2762 1138 2828 ὁτο

88 2870 242 2952 Πρόκλος
268 2871 468 2952 περιπίπτει·
510 2869 540 2932 εί
567 2869 630 2953 γὰρ
658 2869 698 2932 τὰ
725 2879 792 2932 τῶν
819 2872 992 2953 στοιχείων
1014 2868 1096 2955 μέρη

86 2972 140 3037 καὶ
172 2983 233 3038 τοῦ
266 2973 347 3038 ὅλου
379 2977 506 3058 κόσμου
538 2972 629 3038 ἐστὶν
656 2976 767 3060 μόρια,
795 2981 1026 3059 συγχωρηθείη
1060 2973 1097 3041 δὲ

87 3079 170 3143 αὐτὰ
198 3078 253 3144 καλ
282 3078 527 3163 ἀποτελέσματα
555 3075 641 3145 εἶναι
669 3089 729 3145 τοῦ
757 3083 898 3164 κόσμου,
930 3081 1096 3165 δηλονότι,

87 3188 174 3250 καθὸ
198 3188 298 3272 μόριοί
323 3186 423 3269 ἐστιν,
447 3188 574 3270 ψευδὴς
597 3189 688 3251 ἔσται
710 3186 731 3270 ἡ
754 3196 814 3252 τοῦ
835 3174 992 3272 Πρόκλου
1017 3187 1097 3252 ἀπό-

86 3311 209 3375 φανσις
235 3293 255 3376 ἡ
284 3291 427 3376 λέγουσα
454 3295 495 3357 τὰ
517 3293 674 3359 ὁπωσοῦν
696 3296 856 3377 γινόμενα
878 3293 932 3359 καὶ
956 3297 1096 3379 φθειρό-
1110 3319 1136 3360 τε

85 3422 169 3482 μενα
196 3401 240 3482 μὴ
269 3395 355 3465 εἶναι
383 3409 443 3464 τοῦ
470 3403 597 3484 κόσμου
625 3399 720 3484 με’ρη·
757 3401 841 3466 ὥστε
867 3403 907 3485 τὰ
934 3386 1097 3464 αὐτὰκαλ

86 3508 186 3591 μόρια
210 3501 296 3570 εἶναι
319 3515 379 3570 τοῦ
402 3509 530 3590 κόσμου
554 3508 610 3572 όιίι
632 3516 689 3590 τῆς
710 3507 890 3584 Πλοίτωνος
909 3505 1036 3590 λέξεως,
1054 3507 1098 3589 ἣν

85 3611 286 3697 παρέθηκεν,
323 3614 536 3696 ὡμολόγηκεν
571 3611 626 3678 καὶ
663 3614 764 3677 πόλιν
798 3615 836 3678 τὸ
875 3609 961 3679 εἶναι
997 3617 1097 3698 μόρια

157 3808 180 3856 5.
201 3805 275 3874 μληῖς]
294 3804 323 3857 Μ
401 3811 442 3859 12.
463 3807 675 3878 αποτελλουυτος
694 3806 775 3875 ωλστε
792 3805 826 3858 II
901 3805 1018 3867 Imm
1037 3805 1113 3851 Im.

85 3874 141 3926 ἐστι
213 3881 566 3950 16,17,18.αποτελεσμα
584 3876 618 3932 Μ
636 3881 688 3947 λου.
701 3880 748 3949 μὴ
820 3882 872 3930 (ὶῦ.
890 3863 1151 3955 οιοτιωοιχῶμεὶῑὶΙ

145 3949 187 3996 22.
208 3951 420 4026 συγχωρηηθειη
441 3951 489 4022 όῙε
507 3950 540 4006 Μ
619 3957 664 4008 24.
688 3949 854 4024 εοτηαιΧἊ
