2394 4208
932 128 938 141 0

26 39 844 354 -
917 156 925 169 θ

76 531 131 602 ιι]
349 529 399 583 οε
417 529 674 587 mmmm
693 532 814 585 υτιιοι
1046 534 1089 601 23

77 693 304 779 συνυπάρχειν
330 692 351 776 ἣ
379 697 655 778 συγχωρείτωσαν
681 694 736 760 καὶ
764 696 824 761 τὸν
850 697 936 761 θεὸν
962 699 1006 781 μὴ
1036 699 1093 781 δη-

75 801 243 886 μιουργὸν
256 795 341 864 εἶναι
361 812 428 865 τῶν
445 802 648 886 πραγμάτων
665 798 750 886 μηδὲ
768 804 826 880 τὰς
845 803 961 882 οὐσίας
981 804 1092 869 αὐτῶν

75 907 261 990 ὑποστῆσαι
277 905 360 970 ἀλλά
374 906 531 971 συναΐδια
545 908 626 972 ὄντα
640 907 820 975 ἀλλοιῶσαι
835 908 971 998 μόνονλ
988 913 1041 975 ἀλ·
1056 901 1095 977 τοι.
1105 939 1145 979 ον.

76 1018 141 1091 λῳς
163 1036 199 1077 τε
223 1009 303 1077 οὐδὲ
327 1013 503 1078 συναΐδιον
526 1021 573 1102 τῷ
596 1016 732 1102 αίτιατῳ
754 1016 792 1079 τὸ
816 1021 925 1081 αίτιον
952 1015 988 1081 ἐκ
1015 1020 1090 1083 τού-

74 1144 135 1186 του
160 1117 343 1197 δείξουσιν·
380 1120 410 1184 εί
433 1120 496 1204 γάρ
519 1120 557 1183 τὸ
580 1116 642 1203 μὲν
663 1121 774 1198 πάθος
796 1123 914 1186 ἀλλοτε
937 1125 1018 1189 ἀλλο
1042 1129 1091 1208 γί-
1119 1152 1133 1192 ε

75 1250 167 1292 νεται
196 1224 234 1291 έν
262 1225 332 1312 ἀέρι
361 1224 416 1290 καὶ
443 1236 514 1304 τοῖς
541 1235 601 1291 τοῦ
630 1228 741 1310 φωτὸς
764 1229 927 1306 δεκτικοῖς
949 1229 1003 1295 καί
1029 1231 1091 1316 οὐχ

76 1334 114 1398 ἓν
135 1331 206 1398 κατ’
229 1332 377 1419 ἀριθμόν
405 1332 496 1398 ἐστιν
518 1334 556 1398 τὸ
580 1333 617 1399 έν
640 1333 753 1411 αὐτοῖς
773 1334 990 1421 ἐγγινόμενον
1009 1349 1091 1421 φῶς,

76 1446 167 1526 εἴπερ
201 1442 357 1526 φθαρτόν
390 1439 494 1523 ἐστιν,
526 1440 571 1517 ὡς
599 1439 763 1506 δέδεικται
791 1441 845 1507 καλ
873 1451 919 1531 τῳ
948 1447 1090 1532 Πρόκλῳ

76 1548 183 1631 δοκεῖ,
216 1545 278 1611 οὐκ
305 1547 370 1632 ἀρα
396 1546 435 1611 ἓν
462 1545 503 1611 δν
529 1545 584 1612 καὶ
611 1548 648 1612 τὸ
678 1546 758 1611 αὐτὸ
787 1559 859 1631 φῶς
887 1552 1090 1635 συνυπάρχει

74 1661 121 1740 τῷ
144 1653 239 1741 ἡλίῳ,
261 1653 371 1738 ὥσπερ
394 1650 475 1718 οὐδὲ
498 1661 544 1741 τῷ
567 1651 649 1738 πυρὶ
672 1657 731 1737 μία
751 1652 806 1718 καί
825 1655 889 1738 <η>
907 1656 989 1740 αὐτη
1008 1657 1089 1722 ὑπο·
1105 1685 1132 1723 ιο

74 1759 224 1844 μένουσα
250 1759 270 1842 ἡ
300 1758 337 1824 έν
363 1767 410 1847 τῷ
438 1758 510 1846 ἀέρι
538 1759 570 1837 ἐξ
599 1759 703 1825 αὐτοῦ
732 1760 889 1844 γινομένη
913 1765 1090 1847 θερμότης,

75 1873 169 1952 εἴπερ
198 1866 216 1932 ό
242 1864 304 1951 μὲν
330 1867 424 1950 ἥλιος
452 1857 500 1943 εἷς
527 1864 582 1931 καὶ
610 1869 646 1931 τὸ
675 1876 743 1951 πῦρ
772 1865 823 1950 ἕν,
851 1868 888 1930 τὸ
917 1865 954 1932 δὲ
986 1867 1022 1932 έν
1044 1877 1091 1956 τῷ

75 1972 149 2058 ἀέρι
173 1984 244 2057 φῶς
267 1975 385 2038 ἀλλοτε
402 1974 484 2038 ἀλλο
503 1971 558 2038 καὶ
576 1973 596 2056 ἡ
615 1977 782 2059 θερμότης
801 1973 931 2057 ὁμοίως.
963 1976 1091 2039 τούτοιν

73 2081 182 2158 οὕτως
201 2078 424 2164 δεδειγμένων
442 2079 557 2163 δῆλον,
580 2080 625 2156 ὡς
646 2079 806 2164 οὐδεμίαν
830 2082 942 2146 εἰκόνα
965 2079 1029 2158 ἔξει
1052 2082 1089 2146 τὸ

73 2198 148 2273 φῶς
171 2184 225 2251 καλ
246 2186 264 2251 ὁ
287 2187 381 2269 ἥλιος
403 2194 463 2250 τοῦ
488 2183 521 2262 ἐξ
545 2185 656 2251 ἀιδίου
679 2195 725 2273 τῳ
749 2188 976 2277 δημιουργικῳ
996 2189 1089 2276 αἰτίῳ
1105 2214 1131 2255 15

73 2296 112 2359 τὸ
145 2294 459 2379 δημιουργούμενον
490 2293 717 2378 συνυπάρχειν
748 2293 931 2359 δύνασθαι·
967 2300 1089 2379 οἴχεται

74 2404 140 2487 ἀρα
163 2400 277 2476 αὐτοῖς
300 2397 355 2463 καὶ
378 2399 398 2482 ἡ
423 2399 479 2463 διά
501 2408 559 2482 τῆς
582 2401 711 2475 εἰκόνος
733 2408 794 2464 τοῦ
817 2401 965 2478 ψεύδους
989 2408 1090 2466 πυθα-

72 2511 182 2591 νότης.
227 2505 248 2589 ἣ
278 2500 342 2571 οὖν
373 2504 575 2582 δειξάτωσαν
606 2516 674 2570 τῶν
706 2505 1026 2593 δημιουργουμένοιν
1057 2531 1089 2572 τι

74 2616 142 2698 ἅμα
168 2621 216 2702 τῷ
248 2608 333 2678 εἶναι
361 2612 422 2676 τὸν
452 2611 659 2697 δημιουργὸν
686 2613 790 2678 αὐτοῦ
818 2613 873 2679 καλ
901 2614 981 2678 αὐτὸ
1011 2631 1089 2679 συν-

71 2721 237 2806 υπάρχειν
249 2722 281 2804 ἦ,
300 2720 330 2784 ελ
347 2719 455 2783 πάντα
473 2720 513 2783 τὰ
535 2721 694 2803 γινόμενα
712 2722 822 2808 χρόνῳ
842 2721 980 2805 δεύτερά
999 2719 1090 2784 ἐστιν
1103 2746 1130 2786 ιο

74 2837 143 2891 τῶν
156 2827 357 2909 ποιούντων,
375 2830 440 2889 είτε
458 2827 596 2909 τεχνητά
615 2830 664 2909 είη
680 2831 744 2890 είτε
759 2827 895 2909 φυσικά,
907 2825 1090 2910 ἀναγκαῖον

74 2932 130 2999 καὶ
150 2933 206 2998 διά
225 2941 323 2997 τοῦτο
341 2933 385 3015 μὴ
405 2932 581 2997 συναΐδιον
605 2927 753 3020 εἶναιτῷ
777 2938 847 3019 θεῳ
871 2933 931 2997 τὸν
952 2936 1088 3017 κόσμον.

324 3036 425 3114 Τέλος
447 3038 573 3114 λύσεως
595 3046 656 3101 τοῦ
679 3035 713 3101 α’
736 3039 848 3121 λόγου.
1123 3025 1124 3028 ¹

75 3301 104 3355 Μ
148 3235 410 3355 [ἰορχχωρχγτωσαν
428 3229 457 3283 Μ
475 3232 584 3370 (ορθρλ)
598 3236 664 3355 ad}
682 3230 846 3355 μηδλιεῖτλας
860 3229 898 3371 Mt
943 3233 1003 3285 9.δ
1016 3232 1088 3300 οιιῙει

77 3378 118 3426 14.
137 3300 415 3443 δεδάιγμάιῖοάυῗάις
429 3391 472 3440 ον,
490 3372 519 3426 Μ
560 3301 658 3426 hwa
639 3372 767 3496 amabile)
785 3320 884 3442 epm?
887 3303 959 3425 Mw
990 3378 1031 3426 19.
1050 3376 1087 3425 τό

76 3444 119 3515 pt]
137 3463 170 3498 το
189 3442 218 3496 M
290 3443 402 3514 avv[ov]
391 3442 450 3513 ]M
522 3449 564 3497 21
583 3461 694 3513 τεχνιτα
