2394 4208
76 568 180 640 ενοι]
354 567 403 622 οι
422 566 680 622 mmmm
699 566 821 624 mm
1025 558 1091 632 609

79 730 289 814 τεταγμένος,
312 727 391 795 ποτὲ
415 725 481 809 οὖν
501 731 639 807 ἄτακτός
663 729 764 814 ἐστιν,
791 735 905 818 πολλῷ
927 734 1093 818 πρότερον

79 839 162 900 κατὰ
185 836 348 920 ἀληθειαν
371 835 497 913 ἐκεῖνος
518 837 679 923 πάρεστίν
700 859 779 901 ποτε
802 835 857 901 καὶ
876 839 1025 903 ἄτεστιν·
1048 837 1090 901 ού

80 945 143 1027 γάρ
172 951 217 1028 τῷ
246 943 401 1026 τετάχθαι
430 941 599 1026 τοῦτονῆ
622 944 765 1007 ἄτακτον
789 939 934 1008 εἶναιτὸ
959 943 1091 1009 άτεῑναι

78 1049 99 1132 ἢ
115 1061 267 1133 παρεῖναι
285 1051 517 1133 ἠκολούθησεν
536 1048 619 1114 άλλά
637 1073 674 1133 γε
693 1049 866 1113 ἀνάπαλιν.
901 1051 984 1114 ὥστε
999 1053 1091 1115 ἔσται

78 1158 243 1240 πρότερον
264 1156 269 1238 λ
289 1154 396 1220 ἐκεῖνο
432 1153 568 1239 ἀληθές,
605 1149 631 1242 ᾦ
668 1165 767 1220 τοῦτο
805 1154 1008 1220 ἀκολουθεῖν
1029 1173 1145 1216 fomur.

78 1263 290 1345 ἠνάγκασται.
313 1264 357 1327 ,ελ
380 1256 443 1326 οὖν
466 1260 634 1327 άδύνατον
656 1271 765 1345 τοῦτο,
788 1262 873 1326 διότι
898 1261 916 1326 ό
940 1263 1020 1339 θεὸς
1039 1261 1090 1328 ἀεὶ
1117 1289 1132 1330 ε

79 1372 162 1434 κατὰ
185 1370 224 1433 τὰ
247 1369 331 1433 αὐτὰ
354 1366 408 1432 καὶ
432 1369 589 1445 ὡσαύτως
611 1372 691 1453 ἔχει,
709 1367 764 1433 καὶ
787 1369 847 1433 τὸν
865 1371 991 1452 κόσμον
1010 1369 1090 1434 άδύ-

79 1501 182 1540 νατον
206 1478 347 1540 ἄτακτον
370 1471 458 1560 εἶναι’
478 1473 634 1549 ποτεναὶ
657 1473 870 1558 τεταγμένον·
897 1476 934 1539 τὸ
958 1477 1020 1560 γὰρ
1044 1483 1091 1562 τῷ

79 1582 233 1669 ἀδυνάτῳ
257 1581 471 1646 ἀκολουθοῦν
494 1579 526 1657 ἐξ
551 1580 695 1664 ἄνάγκης
718 1581 896 1665 ἄδύνατον,
920 1587 1011 1666 εᾶιερ
1034 1580 1090 1646 καὶ

79 1690 117 1752 τὸ
147 1697 193 1775 τῷ
224 1690 356 1775 δυνατῷ
387 1690 534 1752 δυνατόν
564 1706 667 1773 φασιν
695 1689 728 1752 ολ
756 1684 955 1752 διαλεκτικοὶ
983 1689 1090 1770 νόμοι.
1106 1714 1133 1753 ιο

80 1796 227 1858 δυνατοῦ
252 1790 315 1859 οὖν
337 1795 492 1872 τεθέντος
515 1797 575 1859 τὸν
597 1797 724 1879 κόσμον
747 1796 889 1858 ἄτακτον
908 1790 997 1858 εἷναί
1011 1815 1091 1858 ποτε

79 1900 135 1965 καὶ
163 1900 364 1985 τεταγμένον
391 1903 538 1967 δυνατὸν
567 1904 657 1966 ἔσται
685 1899 739 1965 καὶ
767 1902 828 1965 τὸν
852 1902 936 1965 θεὸν
959 1899 1091 1964 άτιεῑναι

79 2016 141 2072 τοῦ
169 2010 296 2091 κόσμου
324 2004 403 2073 ποτὲ
430 2007 484 2072 καὶ
513 2018 666 2092 παρεῖναι
694 2009 803 2072 πάλιν.
850 2009 879 2072 ελ
907 2002 1091 2072 οὖντοῦτο

80 2114 263 2197 ἀδύνατον,
292 2113 346 2178 καὶ
375 2113 481 2178 ἐκεῖνο
511 2113 688 2178 άδύνατον.
734 2111 785 2178 ἀεὶ
812 2115 876 2198 ἄρα
903 2111 958 2178 καὶ
989 2112 1006 2178 ὁ
1036 2114 1091 2177 κό-

80 2240 162 2304 σμος
192 2220 341 2285 τέτακται
371 2219 425 2284 καὶ
459 2219 585 2297 ἐκεῖνος
614 2229 659 2307 τῷ
689 2222 801 2307 κόσμῳ
834 2221 1003 2305 πάρεστιν,
1035 2217 1090 2283 καὶ
1105 2244 1132 2286 ιο

79 2328 158 2391 οὔτε
182 2325 213 2403 ἐξ
238 2326 379 2390 άτάκτου
404 2325 526 2410 ἐτάχθη
556 2323 650 2412 (οὐδὲ
673 2328 736 2411 γάρ
761 2325 886 2403 ἐκεῖνος
908 2328 951 2410 μὴ
975 2325 1091 2410 καμὼν

80 2427 182 2508 αὖθις
214 2431 386 2518 πάρεστιν)
424 2434 500 2497 ούτε
531 2431 566 2497 ἐκ
598 2431 798 2516 τεταγμένου
832 2434 969 2509 ἄτακτος
1001 2435 1091 2497 ἔσται

82 2538 174 2623 (οὔτε
198 2542 261 2625 γὰρ
286 2538 411 2616 ἐκεῖνος
434 2540 475 2604 ού
498 2541 615 2624 παρὼν
638 2533 739 2615 αὖθις
758 2539 799 2603 ού
817 2536 998 2625 πάρεστιν).
1035 2535 1090 2601 καὶ

81 2653 135 2728 ἴση
160 2646 285 2729 ἀνάγκη
310 2647 391 2710 κατὰ
416 2646 579 2710 Πλάτωνα
605 2648 664 2710 τόν
687 2669 721 2710 τε
745 2647 871 2728 κόσμον
894 2647 1034 2728 γενητόν
1056 2667 1090 2708 τε

81 2748 166 2816 εἶναι
195 2752 248 2816 καὶ
277 2753 433 2836 φθαρτὸν
460 2750 515 2816 καὶ
542 2753 586 2834 μὴ
614 2747 700 2815 εἶναι
728 2763 795 2816 τῶν
822 2751 1016 2834 θειοτάτων,
1040 2741 1132 2826 οἷςιο

79 2862 238 2941 προσήκει
267 2859 304 2922 τὸ
333 2859 415 2922 κατὰ
442 2859 481 2921 τά
511 2857 595 2921 αύτά
627 2855 682 2921 καὶ
714 2858 870 2933 ὡσαύτως
902 2860 999 2940 ἔχειν,
1031 2858 1090 2921 τὸν

79 2973 140 3026 τοῦ
172 2966 298 3046 κόσμου
330 2964 546 3050 δημιουργόν.
601 2964 630 3026 ελ
662 2957 725 3026 οὖν
761 2964 814 3027 δεῖ
848 2960 924 3047 περὶ
961 2962 1090 3027 ἐκεῖνον

80 3068 224 3149 εὐσεβῶς
253 3070 456 3151 διακεῖσθαι,
485 3069 536 3132 δεῖ
562 3066 617 3132 καὶ
644 3067 719 3154 περὶ
748 3076 879 3152 τοῦτον,
902 3067 921 3150 ἢ
946 3074 1089 3151 πλημμε-

79 3180 217 3250 λοῦντες
239 3173 315 3258 περὶ
338 3183 459 3239 τοῦτον
481 3172 629 3258 καὶπερὶ
649 3173 778 3239 ἐκεῖνον
796 3180 908 3261 πολλῷ
927 3176 1090 3258 πρότερον

78 3282 225 3364 ἐσόμεθα
251 3284 450 3365 πλημμελεῑς
477 3278 531 3344 καὶ
562 3280 606 3345 οὐ·
626 3278 702 3365 περὶ
726 3279 855 3348 ἐκεῖνον
877 3283 982 3364 μόνον
1005 3280 1089 3345 ἄλλά
1103 3305 1130 3346 εε

78 3388 134 3453 καὶ
161 3387 237 3472 περὶ
265 3397 333 3452 πᾶν
359 3388 396 3451 τὸ
425 3394 536 3452 θεῖον·
573 3388 602 3450 εἰ
625 3388 688 3471 γάρ
711 3387 829 3451 κοινόν
852 3386 965 3463 αὐτοῖς
987 3396 1089 3451 πᾶσιν

78 3497 115 3558 τὸ
144 3496 226 3559 κατὰ
253 3496 292 3559 τά
321 3494 404 3558 αὐτὰ
430 3492 485 3558 καὶ
513 3494 668 3569 ὡσαύτως
696 3496 798 3577 ἔχειν,
825 3492 846 3576 ἣ
875 3490 927 3557 ἐπὶ
955 3494 1090 3558 πάντων
1172 3560 1177 3574 ,

150 3728 172 3775 1.
192 3722 261 3775 haec
281 3724 411 3791 suspecta
495 3727 519 3775 5.
539 3722 660 3792 vom10]‚
681 3737 715 3775 ex
733 3741 768 3790 ω,
787 3721 816 3773 Μ
903 3725 944 3774 10.
965 3737 1053 3789 φασιν
1072 3723 1085 3774 t

77 3795 106 3846 et
126 3824 158 3832 —
178 3809 312 3914 εομεεεοτ.
331 3811 360 3845 m
380 3800 393 3845 1
414 3825 448 3833 -
467 3793 497 3864 p]
517 3809 603 3861 φησιν
620 3793 650 3845 Μ
705 3797 746 3846 11.
766 3790 832 3845 fort.
845 3789 983 3849 τεθέντος
995 3791 1095 3856 ζωὴ

151 3869 202 3983 182
219 3866 273 3985 ἄῤ
295 3862 361 3917 οὐδὲ
378 3863 430 3934 γὰρ
450 3863 558 3929 ἐκεῖνος
575 3863 639 3939 [0ὐᾶ
713 3867 804 3919 &ww
820 3862 861 3915 Ἃ
930 3865 984 3910 Ὦ.
1000 3873 1060 3904 mv
1081 3866 1125 3898 m

72 3951 123 3985 τον
138 3949 166 3983 m
188 3944 194 3960 ⁶

112 4028 221 4069 lomna
234 4032 399 4078 Pmorom
413 4039 453 4082 ed.
470 4041 566 4085 Baba.
806 4083 812 4093 .
952 4015 993 4060 m
