2394 4208
79 579 175 635 x111.
191 581 236 654 τι]
348 580 396 636 οε
413 578 673 636 mmmmm
690 578 812 634 mm
1022 580 1088 646 ιρι

79 766 148 808 των
175 742 385 810 ἀντικεῖσθαι
407 742 549 828 ἀνάγκη·
585 741 655 809 ἐπεὶ
677 741 733 808 καὶ
755 743 776 827 ή
797 751 860 809 τοῦ
882 752 1014 829 ὑυχροὺ
1037 742 1090 827 γέ-

80 868 172 927 νεσις
194 860 232 936 τῇ
256 859 317 916 τοῦ
335 858 466 936 θερμοῦ
485 849 675 933 ἀντίκειται,
694 855 785 935 εἴπερ
804 850 825 934 ή
843 845 905 934 μὲν
922 850 1091 915 πυκνώσει

79 956 101 1040 ή
130 953 167 1021 δὲ
194 958 340 1040 μανώσει
369 961 507 1041 γίνεται,
533 955 590 1022 καὶ
617 957 637 1041 η
665 965 725 1022 τοῦ
753 957 821 1021 ἀνω
844 965 884 1042 τῇ
907 965 968 1022 τοῦ
990 957 1090 1021 κάτω·

80 1058 186 1147 ἡμὲν
211 1064 276 1150 γάρ
304 1063 465 1147 ἀνάβασίς
493 1062 585 1129 ἐστιν
611 1063 632 1147 ἡ
661 1059 697 1127 δὲ
727 1063 918 1145 κατάβασις·
954 1060 1009 1128 καὶ
1035 1060 1090 1127 ἐπὶ

80 1179 149 1234 τῶν
171 1170 283 1235 ἀλλων
306 1166 488 1248 ὡσαύτως.’
509 1170 539 1236 εί
562 1164 626 1234 οὑν
647 1176 693 1256 τῷ
712 1168 926 1257 ἀντικειμένῳ
945 1169 982 1233 τὸ
1002 1168 1091 1233 ἀντι-
1117 1192 1131 1234 ι

81 1278 236 1360 κείμενον
263 1277 426 1363 ὑπάρχειν
453 1276 595 1360 ἀνάγκη,
622 1275 668 1352 ὑς
695 1274 732 1340 ἐν
758 1277 965 1361 τοῑςτόποις
987 1275 1091 1340 δέδει-

81 1405 170 1465 κται,
200 1382 340 1468 ὑπάρχει
369 1380 407 1448 δὲ
435 1392 474 1469 τη
501 1391 563 1448 τοῦ
590 1383 704 1459 είδους
732 1381 860 1466 γενέσει
889 1381 927 1446 τὸ
958 1382 1091 1447 δεῖσθαι

79 1489 174 1572 ὑλης,
193 1489 249 1553 ’ίνα
267 1488 413 1572 γένηται,
432 1489 469 1554 τὸ
484 1490 554 1574 ,ἀρα
571 1487 802 1572 ἀντικείμενον
818 1489 925 1576 τοὺτρι
944 1497 983 1574 τῇ
1002 1487 1092 1572 γενέ·

83 1612 134 1660 σει
157 1605 215 1679 της
238 1595 321 1679 ὑλης
343 1593 497 1681 ὑπάρξει,
520 1603 620 1660 τοὺτο
643 1593 684 1660 δέ
704 1593 796 1659 ἐστιν
816 1594 855 1659 τὸ
878 1595 922 1679 μή
947 1595 1092 1678 δεῖσθαι,

80 1703 137 1767 ἵνα
159 1701 180 1785 ἡ
202 1701 265 1785 ὑλη
289 1701 432 1785 γένηται.
1105 1726 1131 1766 ιο

148 1806 210 1890 βι’.
249 1811 290 1872 Τι’
311 1803 387 1887 οὑν;
420 1808 482 1874 οὑκ
510 1807 668 1892 ἐλέγομεν
688 1806 745 1872 καὶ
766 1808 860 1893 ἡμεῖς
882 1814 989 1894 μικρῷ
1010 1807 1092 1895 πρό-

81 1920 177 1998 σθεν,
204 1915 251 1992 ὡς
281 1915 332 1979 δεῖ
361 1916 423 1998 τήν
451 1915 537 1999 ὑλην
565 1915 627 1999 τήν
657 1914 761 1998 αὑτήν
782 1913 786 2002 Ι
806 1912 862 1979 καί
894 1913 1010 1998 ἀμετά-
1028 1929 1145 1971 romeam

80 2023 206 2104 βλητον
236 2020 433 2105 ὑπομένειν,
469 2027 535 2086 είτε
565 2021 604 2085 τὸ
641 2030 736 2107 τριχῇ
774 2020 953 2085 διαστατὸν
988 2024 1038 2103 εἴη
1071 2019 1091 2103 ἡ

80 2128 193 2212 πρώτη
215 2127 279 2210 ὑλη
304 2133 370 2193 εἴτε
393 2129 474 2211 άλλη
498 2150 549 2204 τις
571 2128 661 2213 παρὰ
682 2136 782 2192 τοῦτο
802 2126 964 2206 ἀνείδεος;
993 2126 1032 2191 τὸ
1055 2121 1093 2191 δὲ

79 2233 187 2319 πάντη
215 2232 441 2317 ἀμετάβλητον
468 2232 524 2299 καὶ
552 2240 687 2319 φθορᾶς
714 2234 823 2318 δήπου
853 2231 908 2298 καὶ
933 2231 1091 2316 γενέσεως
1105 2259 1131 2302 τι

83 2338 265 2426 ἐξῃρῆσθαι
289 2340 425 2424 ἀνάγκη.
471 2337 542 2405 ἀλλ’
565 2339 607 2405 οὑ
629 2336 783 2417 καθάπαξ
806 2339 843 2404 τὸ
867 2339 1093 2424 ἀμετάβλητον

81 2446 166 2532 αὐτῇ
198 2457 372 2533 προσεῖναι
406 2448 683 2532 συνεχωρήσαμεν
714 2443 854 2533 (οὐδένα
889 2446 953 2531 γάρ
989 2448 1093 2529 λόγον

82 2553 213 2638 δρῶμεν
234 2562 335 2618 τοῦτο
358 2549 672 2640 κατασκευάζοντα),
696 2550 766 2617 ἀλλ’
791 2551 828 2617 ἐν
850 2561 889 2638 τῇ
911 2562 980 2616 τῶν
1002 2575 1092 2638 μερι-

84 2670 153 2724 κῶν
182 2661 228 2736 είς
256 2660 382 2743 ἀλληλα
408 2661 573 2745 μεταβολῇ
602 2658 750 2743 ἀνάγκην
773 2655 859 2724 εἶναι
882 2662 1010 2744 ἔφαμεν
1031 2660 1093 2744 τήν

82 2766 202 2848 κοινήν
229 2764 315 2848 ὑλην
344 2776 412 2830 τῶν
442 2766 490 2843 είς
522 2765 648 2849 ἄλληλα
679 2766 953 2850 μεταβαλλόντων
984 2765 1022 2830 έν
1052 2774 1092 2851 τῇ
1106 2793 1134 2834 ιο

83 2870 221 2937 ἐκείνων
250 2873 414 2957 μεταβολῇ
447 2871 674 2955 ἀμετάβλητον
708 2870 902 2956 ὑπομένειν·
943 2869 1013 2936 ἀλλ’
1050 2871 1092 2938 οὐ

84 2979 192 3062 δήπου
226 2978 282 3042 διά
311 2985 412 3043 τοῦτο
444 2976 499 3042 καὶ
536 2975 689 3055 καθάπαξ
726 2976 832 3061 αὑτήν
867 2977 1093 3063 ἀμετάβλητον

84 3080 171 3149 εἶναι
196 3083 339 3167 ἀνάγκη·
375 3082 430 3149 καὶ
458 3086 522 3169 γάρ
543 3095 613 3149 τῶν
636 3083 672 3149 έκ
694 3087 818 3169 χαλκοῦ
840 3083 861 3168 ή
885 3093 1012 3172 χρυσοῦ
1036 3084 1093 3169 δη-

83 3191 341 3277 μιουργημάτων
372 3192 421 3268 είς
452 3192 578 3275 ἀλληλα
609 3192 883 3275 μεταβαλλόντων
912 3191 931 3256 ὑ
959 3191 1093 3256 ὑποκεί-

84 3320 185 3381 μενος
211 3298 344 3374 τούτοις
371 3298 491 3381 χαλκὸς
516 3296 537 3381 ή
565 3298 689 3384 χρυσὸς
717 3296 753 3362 έν
775 3306 815 3384 τή
838 3296 976 3363 ἐκείνων
997 3320 1133 3382 μετα-ει

83 3406 168 3489 βολῇ
192 3403 415 3488 ἀμετάβλητος
436 3401 596 3488 ὑπομένει
620 3401 722 3470 οὐδὲν
744 3405 826 3469 κατὰ
847 3404 908 3469 τὸν
929 3414 987 3489 τῆς
1006 3403 1094 3481 ίδίας

84 3509 202 3587 οὐσίας
227 3510 363 3594 πάσχων
390 3512 504 3594 λόγον,
532 3508 603 3575 ἀλλ’
631 3510 719 3595 ὅμως
747 3511 824 3576 οὔτε
851 3509 1010 3595 ἀγένητος
1038 3511 1094 3575 διά

158 3742 182 3792 6.
201 3736 363 3862 ,δείελΜὺομ
385 3741 407 3791 Ζ
426 3744 441 3793 9
460 3755 486 3807 p.
503 3743 625 3862 147fa29
716 3744 740 3793 9.
764 3737 827 3793 fort.
851 3740 964 3793 δεῖσθαι
987 3736 1094 3858 (μήλης)

105 3814 275 3948 ε’ταβὺἀηὺυ-Ϋ-
283 3832 332 3933 2οί
343 3825 451 3950 m
465 3878 497 3935 in
515 3814 720 3955 ιιιοεῐὲξὺχὺἓὶ.
730 3881 766 3936 U
786 3809 1000 3950 19ὶάὑὺθάήὲτὲ
1013 3874 1140 3937 Ε’ΝῚἭΧ

72 3901 109 4000 εὑ
175 3953 216 4002 26.
237 3949 313 4020 τηής]
327 3949 362 4003 Μ
434 3957 476 4010 27.
498 3957 663 4032 πασχήωήν,
680 3973 719 4013 οι
739 3975 787 4025 ον,
801 3953 841 4008 Ἃ
