2394 4208
790 140 814 189 ,.

63 548 120 605 vn
135 549 181 622 ιε]
331 548 380 603 ου
399 547 656 603 ΑΕΤΕΒΝΙΤΑΤΕ
674 547 796 603 mm
1007 546 1071 611 277

62 736 129 790 πος
154 721 213 796 τῆς
241 711 449 798 εὐθυφορίας
477 711 787 796 συμμεταβάλλεται.
833 712 930 795 δηλοῖ
957 708 994 776 δὲ
1018 708 1073 776 καὶ

63 821 103 884 τὸ
134 818 291 904 μέγεθος,
324 816 376 902 ἐφ’
408 812 449 882 οὗ
478 817 498 901 ή
528 820 658 895 κύλισις
685 821 827 901 γίνεται,
861 816 909 883 ἐπ’
940 818 1074 896 εὐθείας

63 925 245 1010 τεταμένον
270 925 435 1010 ὑπάρχον·
467 926 549 990 ὥστε
577 922 646 989 κατ’
671 924 809 990 εύθείαν
831 927 871 989 τὰ
892 927 1076 1010 κυλιόμενα

62 1042 220 1098 κινεῖται·
256 1033 339 1097 ὥστε
370 1030 425 1096 καλ
457 1031 477 1115 ή
510 1032 640 1108 κύλισις
671 1032 864 1118 εὐθυφορία
900 1030 991 1096 ἐστίν
1027 1039 1073 1119 τῳ

63 1141 177 1227 τρόπῳ
201 1140 307 1222 μόνον
329 1148 387 1221 τῆς
409 1141 570 1222 κινήσεως
593 1137 815 1224 διαφέρουσα,
834 1139 942 1222 ὥσπερ
961 1136 1016 1202 καὶ
1034 1138 1075 1202 τδ
1100 1161 1114 1202 ε

64 1246 123 1310 διδ
146 1247 276 1310 σκελῶν
296 1245 475 1327 βαδίζοντα
497 1252 543 1332 τῷ
566 1246 677 1332 τρόττῳ
701 1246 807 1328 μόνον
830 1243 982 1329 διαφέρει
1008 1254 1076 1308 τῶν

64 1349 239 1437 ἑρπόντων
259 1350 281 1433 ή
305 1339 522 1438 συρομήνῳν·
554 1350 665 1434 ἀμέλει
689 1360 773 1433 γοῦν
801 1347 902 1415 οὐδὲν
928 1360 996 1415 τῶν
1014 1366 1054 1406 ῐοΙ.
1062 1368 1129 1407 111v·

63 1460 149 1523 κατὰ
177 1459 282 1541 φύσιν
308 1456 634 1543 κυκλοφορουμένων
660 1461 817 1522 κυλίεται.
862 1458 961 1540 ὅστε,
985 1457 1073 1522 εἰτὸ

64 1565 225 1650 φθαρτὸν
247 1575 340 1648 σῶμα
362 1561 432 1629 κατ’
456 1564 595 1629 εὐθεῖαν
616 1575 771 1646 κινεῖται,
794 1574 833 1650 τῇ
857 1561 895 1628 δέ
917 1572 976 1628 τοῦ
1000 1561 1074 1646 ἆγε·

63 1674 170 1756 νήτου
206 1669 261 1735 καὶ
293 1669 472 1757 ἀφθάρτου
505 1672 655 1755 σώματος
687 1671 731 1748 ὥς
763 1687 846 1755 φασι
877 1673 1005 1754 κινήσει
1037 1671 1074 1734 τὸ
1088 1695 1114 1734 ιο

64 1777 226 1862 φθαρτὸν
256 1787 410 1861 κινεῖται,
443 1776 610 1841 ἀδύνατον
641 1778 706 1862 ύρα
736 1779 846 1864 κύκλῳ
873 1776 1075 1858 κινούμενον

65 1883 176 1949 έκεῖνο
205 1882 310 1958 οὕτως
336 1881 406 1947 κατ’
434 1882 573 1948 εὐθεῖαν
599 1894 707 1949 κινεῖν
728 1884 765 1948 τὸ
790 1884 946 1969 φθαρτὸν
969 1892 1073 1964 σῶμα·

67 1989 110 2055 οὐ
138 1991 202 2075 γὰρ
231 1989 312 2053 ὅλον
338 1990 528 2072 μεταβαίνει
555 1990 615 2054 τὸν
642 1992 746 2054 τότιον
768 1991 805 2054 τὸ
828 1991 938 2076 κύκλῳ
962 1989 1074 2053 κινού-

64 2118 179 2180 μενον.
234 2093 289 2158 καί
321 2093 433 2178 ἐπειδή
471 2095 512 2159 ού
548 2098 654 2180 μόνον
689 2093 766 2160 καθ’
803 2095 884 2161 ὅλον
920 2095 1000 2160 αὐτὸ
1036 2095 1073 2158 τὸ

65 2203 225 2287 φθαρτὸν
246 2211 386 2266 κινεῖται
410 2212 503 2286 σῶμα
525 2200 608 2266 ἀλλὰ
630 2200 685 2266 καὶ
708 2203 789 2266 κατὰ
811 2200 904 2287 μέρη,
927 2202 972 2278 ὡς
995 2201 1075 2266 ὅταν
1088 2225 1114 2266 ιτ

64 2309 161 2394 χεῖρά
192 2332 243 2384 τις
275 2317 350 2392 κινῇ
378 2310 485 2390 μόνην
511 2306 532 2390 ή
560 2308 727 2374 δάκτυλον
755 2310 861 2393 μόνον
889 2307 910 2391 ή
937 2310 1024 2373 ιτόδα
1053 2307 1074 2390 ή

64 2417 229 2498 κεφαλήν,
257 2413 443 2496 λεγέτωσαν
471 2416 502 2479 ολ
531 2418 648 2499 σοφοί,
676 2418 726 2492 τίς
750 2414 767 2480 ὁ
791 2417 912 2500 τρόπος
935 2425 992 2499 τῆς
1014 2423 1074 2479 τοῦ

65 2519 191 2607 μέρους
213 2522 386 2603 κινήσεως·
410 2521 439 2584 εί
462 2522 524 2607 γὰρ
548 2523 658 2608 κύκλῳ
681 2523 883 2605 κινούμενον
904 2522 941 2586 τὸ
964 2520 1075 2585 ἀίδιον

66 2637 163 2711 σῶμα
181 2636 220 2712 τῇ
239 2624 359 2690 ἑαυτοῦ
378 2629 506 2710 κινήσει
526 2627 607 2692 ὅλον
624 2638 710 2693 κινεῖ
732 2628 769 2692 τὸ
794 2629 949 2712 φθαρτὸν
973 2639 1074 2712 σῶμα,

65 2737 119 2810 τίς
146 2733 165 2798 δ
193 2734 294 2815 λόγος
320 2742 378 2815 τῆς
405 2741 466 2797 τοῦ
493 2732 616 2819 μέρους
638 2737 811 2817 κινήσεως;
844 2735 885 2800 ού
909 2736 971 2821 γδιρ
994 2735 1115 2799 κατολιο

65 2841 131 2924 τήν
159 2839 264 2922 αὐτήν
291 2840 401 2903 αἰτίαν
427 2842 465 2904 τό
493 2862 528 2904 τε
556 2839 637 2904 ὅλον
663 2850 803 2905 κινεῖται
825 2839 880 2906 καλ
902 2842 940 2906 τὸ
963 2840 1075 2926 μέρος·

66 2947 213 3030 εὔλογον
245 2941 282 3009 δὲ
314 2947 468 3029 φαίνεται
499 2944 554 3010 καλ
587 2945 783 3029 ἀναγκαῖον,
822 2949 931 3033 ὥσπερ
963 2949 983 3031 ἡ
1016 2957 1075 3012 τοῦ

66 3053 150 3118 ὅλου
180 3054 388 3136 κυκλοφορία
419 3053 456 3116 τὸ
488 3052 569 3117 ὅλον
593 3062 693 3135 κινεῖ,
723 3053 810 3117 οὕτω
839 3054 946 3137 δήπου
976 3053 1076 3139 μέρος

65 3183 102 3224 τι
128 3167 189 3224 τοῦ
218 3157 330 3222 ἀιδίου
358 3160 559 3243 κινούμενον
585 3158 684 3245 μέρος
710 3183 742 3223 τι
764 3168 825 3223 τοῦ
848 3166 1004 3243 φθαρτοῦ
1027 3183 1076 3223 κι-

66 3275 154 3330 νεῖν·
184 3263 254 3329 ἀλλ’
284 3264 452 3329 ἀδύνατον
478 3264 577 3349 μέρος
603 3289 635 3330 τι
662 3263 741 3329 καθ’
768 3265 848 3329 αὑτὸ
875 3276 943 3329 τῶν
965 3267 1075 3352 κύκλῳ
1089 3291 1115 3331 ιε

65 3370 279 3455 κινουμένων
301 3368 400 3455 χωρίς
422 3379 483 3435 τοῦ
507 3371 588 3436 ὅλου
611 3377 792 3436 κινεῖσθαι·
820 3373 929 3436 κόθεν
951 3366 1015 3436 οὖν
1036 3373 1076 3435 τὰ

66 3475 150 3563 μέρη
175 3485 235 3541 τοῦ
260 3483 416 3562 φθαρτοῦ
439 3487 579 3542 κινεῖται
603 3478 765 3562 σώματος;
793 3478 833 3543 ού
857 3479 920 3561 γὰρ
944 3469 1075 3542 οἷόντε

65 3592 108 3669 τῇ
137 3592 198 3648 τοῦ
231 3583 312 3648 ὅλου
342 3586 469 3667 κινήσει
501 3584 539 3648 τὸ
571 3582 670 3668 μέρος
698 3593 758 3648 τοῦ
789 3591 945 3668 φθαρτοῦ
975 3593 1075 3649 κινεί-

67 3695 165 3755 σθαι·
207 3690 236 3754 εί
273 3691 336 3775 γὰρ
372 3699 412 3775 τῇ
448 3699 508 3754 τοῦ
546 3689 656 3754 ἀιδίου
694 3690 774 3755 ὅλου
811 3694 939 3775 κινήσει
972 3688 1076 3756 ολονελ

67 3796 270 3880 ὠθούμενον
300 3797 337 3860 τὸ
371 3798 527 3881 φθαρτὸν
559 3807 653 3883 σῶμα
685 3807 844 3885 κινεῖται,
876 3793 1018 3883 συνεήλς
1049 3793 1135 3859 M

59 3900 155 3962 lam
177 3900 259 3962 αὐτὸ
285 3899 398 3988 ἐαυτῷ
422 3903 461 3968 τὸ
489 3910 667 3999 φθαρτόν,
692 3909 830 4000 ἀνάγκη
853 3918 954 3978 πᾶσα
976 3907 1054 3992 ὅρα
1072 3908 1122 3984 τὴ
