2394 4208
78 535 185 608 mv]
281 610 287 619 Ι
348 535 397 591 DE
415 535 672 591 AETERNITA'PE
689 535 811 591 MVNDI
1023 537 1086 602 221

80 698 149 762 ὑπὸ
177 708 244 762 τῶν
271 699 331 763 τὸν
357 702 484 783 κόσμον
507 701 702 782 γεννώντων
725 702 906 784 λεγόμενον
928 698 983 765 καλ
1005 701 1089 786 πρὸς

80 804 251 869 ὑπόθεσίν
274 803 365 870 ἐστιν
388 804 569 870 ἀδύνατον·
592 807 658 890 ἅμα
681 808 743 891 γὰρ
767 805 902 884 ἀταξίαν
926 803 1011 872 εἶναι
1034 805 1088 871 καί

79 909 178 988 τάξιν
203 922 271 976 τῶν
298 912 409 977 αὐτῶν
436 911 611 977 ἀδύνατον.
657 914 741 978 ὥστε
767 915 993 998 προϋπάρχειν
1015 910 1084 978 κατ’

81 1018 207 1094 αὐτοὺς
229 1017 354 1101 ἀνάγκη
379 1016 514 1095 άταξίαν
535 1027 596 1083 τοῦ
615 1022 752 1103 κόσμου,
772 1026 806 1084 εί
820 1044 856 1103 γε
874 1016 930 1104 ῆν·
954 1019 1007 1084 ὅτε
1026 1021 1089 1106 γὰρ

80 1119 127 1207 ῆν
158 1124 255 1208 αὐτῆ,
285 1127 412 1208 κόσμον
442 1124 504 1189 οὐκ
533 1120 575 1208 ῆν
605 1126 751 1190 δυνατὸν
779 1121 872 1191 εἶναι.
919 1127 974 1191 διὰ
1002 1124 1089 1209 γενέ·
1117 1149 1129 1190 ε

83 1247 169 1308 σεως
192 1225 255 1295 οὖν
279 1231 392 1308 αὐτοῖς
415 1230 549 1315 άληθῶς
572 1231 589 1297 ὁ
613 1234 735 1315 κόσμος
757 1234 794 1296 τὸ
818 1228 903 1298 εἶναι
922 1236 1017 1317 ἔσχεν
1035 1230 1090 1296 καὶ

82 1333 139 1400 ἀπ’
167 1335 269 1422 ἀρχῆς
299 1340 422 1422 χρόνον
452 1337 507 1402 καί
536 1340 718 1422 μεταβολῆς
745 1362 835 1415 τινος
862 1337 917 1404 καὶ
944 1345 1089 1423 φθορᾶς·

82 1442 126 1506 οὐ
148 1444 210 1528 γάρ
231 1442 429 1530 ἐνυπάρχειν
447 1454 549 1509 ταῦτα
569 1444 573 1531 Ι
595 1444 631 1509 έν
649 1453 694 1532 τῷ
713 1446 825 1533 κόσμῳ
849 1441 928 1510 οὐδὲ
951 1462 1029 1511 συν·
1044 1461 1143 1502 101-89v·

82 1549 248 1633 υπάρχειν
271 1550 360 1638 αὐτῷ
385 1542 510 1634 οἷοίτε,
534 1548 567 1628 ἐξ
591 1546 638 1617 ὧν
657 1551 760 1616 αὐτὸν
778 1550 950 1635 γεγονέναι
974 1555 1090 1636 φασίν·

83 1651 128 1739 ἦν
155 1657 218 1740 γὰρ
247 1655 289 1721 ἂν
312 1657 417 1734 οὕτως
439 1659 476 1722 τὸ
501 1661 700 1743 γιγνόμενον
723 1657 895 1736 άνάλυσις·
923 1656 959 1722 ἐν
981 1658 1091 1722 τοιού·
1105 1683 1131 1721 ιο

83 1786 155 1839 τοις
188 1764 250 1848 γὰρ
278 1763 298 1845 ἡ
327 1762 486 1840 ἀνάλυσις
515 1765 740 1849 συνυπάρχειν
770 1762 980 1847 δυναμένοις·
1017 1761 1086 1827 ἀλλ’

85 1868 256 1933 ἀδύνατον
280 1870 507 1956 συνυπάρχειν
530 1869 619 1956 αὐτῷ
642 1871 898 1955 συνυπάρχοντα
920 1867 974 1934 καί
997 1891 1092 1953 μετα-

85 1977 255 2058 βάλλοντα
282 1986 340 2061 τῆς
367 1985 427 2041 τοῦ
449 1980 575 2060 κόσμου
599 1976 757 2060 γενέσεως
779 1975 833 2041 καί
857 1975 973 2052 οὐσίας
996 1981 1092 2040 αἴτια.

87 2082 116 2146 εί
144 2077 182 2145 δὲ
209 2084 289 2165 μήτε
317 2080 492 2167 ἐνυπάρχει
515 2089 561 2168 τῷ
584 2084 694 2170 κόσμῳ
717 2083 737 2167 ἡ
762 2080 876 2159 ἀταξία
898 2092 965 2146 τῶν
988 2082 1092 2164 σωμά-

85 2210 167 2270 των,
200 2184 232 2263 ἐξ
264 2181 304 2269 ῆς
334 2197 501 2270 γεννῶσιν
528 2186 644 2270 αὐτόν,
671 2191 751 2272 μήτε
779 2188 982 2271 συνυπάρχει
1010 2186 1092 2253 άλλά
1106 2211 1132 2252 15

85 2298 300 2380 προϋπῆρχεν
317 2291 373 2357 καὶ
396 2295 478 2359 κατὰ
500 2295 685 2378 μεταβολὴν
708 2294 817 2359 αὐτῶν
839 2295 859 2378 ῆ
883 2293 1010 2377 γένεσις
1032 2303 1092 2359 τοῦ

86 2402 213 2483 κόσμου
241 2397 311 2463 ἀλλ’
340 2398 547 2484 οὐχ”οὕτως,
570 2400 656 2483 (ὡς)
680 2398 732 2465 ἐπὶ
755 2411 822 2464 τῶν
844 2405 1093 2484 μαθηματικῶν,

86 2505 217 2589 άληθῆς
244 2503 286 2569 ίὶν
313 2504 442 2588 γένεσις
470 2512 518 2589 είη
547 2505 706 2590 λεγομένη
736 2505 806 2571 ἀλλ’
834 2507 895 2572 οὐκ
923 2506 1093 2589 ἀνάλυσις,

87 2612 187 2677 ὁποία
211 2610 264 2676 ἐπί
287 2623 354 2676 τῶν
376 2619 628 2696 μαθηματικῶν·
652 2613 669 2678 ὁ
693 2614 756 2698 γὰρ
780 2612 815 2678 ἐκ
833 2615 995 2679 τοιούτων
1013 2613 1093 2678 ὑπο-

86 2717 263 2802 τιθέμενος
286 2719 418 2801 γένεσιν
440 2722 599 2801 γίνεσθαί
618 2743 719 2803 τινος,
743 2714 791 2784 ὧν
812 2721 856 2804 μῆ
875 2722 1093 2804 μεταβαλλόν-
1107 2744 1134 2784 το

86 2849 155 2889 των
185 2826 222 2888 τὸ
250 2823 494 2908 ὑποτιθέμενον
524 2822 557 2902 ἐξ
590 2824 700 2890 αὐτῶν
729 2829 883 2908 γίνεσθαι
914 2826 1091 2902 ἀδύνατον,

87 2926 188 3008 οὗτος
211 2930 319 3014 άληθῆ
344 2931 475 3014 γένεσιν
503 2929 573 2996 ἀλλ’
596 2931 637 2997 οὐ
664 2931 758 3017 μέχρι
787 2935 889 3016 λόγου
913 2933 1092 3016 λαμβάνει]

150 3036 397 3122 Ἀριστοτέλους
421 3037 456 3102 ἐκ
478 3047 539 3102 τοῦ
562 3038 674 3103 αὐτοῦ.

155 3142 267 3208 Ἓῑσλν
290 3144 352 3229 γάρ
376 3167 473 3228 τινες,
497 3135 548 3221 οἷς
570 3142 763 3228 ἐνδέχεσθαι
787 3145 955 3211 δοκεῖκαὶ
978 3145 1094 3230 άγένη-

87 3253 149 3315 τόν
177 3273 207 3313 τι
236 3248 276 3314 ὃν
304 3256 476 3334 φθαρῆναι
504 3247 559 3314 καὶ
582 3254 765 3334 γενόμενον
788 3254 964 3338 ἄφθαρτον
987 3253 1093 3317 διατι·
1107 3279 1133 3319 ιι

88 3361 171 3438 λεῑν,
196 3358 304 3442 ὥσπερ
329 3355 434 3443 ἐντῷ
458 3360 595 3444 Τιμαίῳ·
620 3356 686 3422 ἐκεῖ
709 3359 771 3445 γάρ
796 3376 899 3443 φησιν
917 3359 977 3423 τὸν
995 3359 1093 3444 οὐρα-

88 3464 152 3528 νὸν
180 3462 337 3546 γενέσθαι
364 3462 435 3547 μέν,
464 3463 504 3527 οὐ
531 3464 597 3547 μῆν
625 3462 702 3527 ἀλλ’
726 3467 861 3530 ἔσεσθαι
889 3467 948 3530 τὸν
975 3467 1094 3531 λοιπὸν

89 3568 141 3634 ἀεὶ
165 3569 309 3653 χρόνον.’

162 3766 186 3814 9.
202 3758 248 3813 dia
263 3779 291 3815 τε
305 3761 334 3814 M
380 3767 421 3816 12.
432 3762 653 3833 συυικιαρχχειῆν,
667 3778 700 3815 ex
714 3783 740 3831 η,
754 3762 784 3815 Μ
830 3770 870 3818 16.
885 3764 1018 3835 γενεσῆιλς
1029 3763 1063 3817 K

92 3831 248 3893 lubeadd.
286 3837 326 3885 18.
336 3832 530 3904 αναλνίσιλςΜ
565 3833 1078 3908 23.Α1·18λ.ᾶοουολολλθρέλὶθυίζὶ

85 3908 125 3952 27,
133 3899 420 3972 laeffffalysAzietM.
428 3907 542 3976 222,17)
571 3906 1137 3983 zoauvaristXHLMmmmmk.
