2394 4208
688 34 748 79 ”Y

34 33 844 339 -J

76 585 118 639 τε
133 586 161 657 ο]
339 548 395 637 ὀυ
413 581 670 637 mamm
687 581 808 638 mm
1019 582 1085 649 325

80 749 211 824 εἰδότος
244 748 300 810 διὰ
330 747 367 810 τὸ
399 747 515 812 κοινὸν
546 756 603 829 τῆς
634 744 759 830 μίξεως.
804 744 859 811 καὶ
891 746 1015 830 φθάνει
1049 742 1086 811 δὲ

79 854 144 938 ἤδη
169 863 278 938 γυμνῇ
301 862 340 938 τῇ
365 853 491 938 γλώττῃ
514 853 574 916 τὸν
596 853 701 936 νόμον
724 861 845 917 τοῦτον
867 851 904 917 έν
926 860 971 938 τῷ
996 851 1086 938 αὐτῷ

79 960 215 1046 πέμπτφ
243 968 300 1042 τῆς
326 961 493 1036 πολιτείας
520 956 710 1042 εἰνθέμενος·
746 959 806 1023 τὸν
832 961 895 1044 γὰρ
922 957 997 1044 περὶ
1025 965 1087 1023 τοῦ

81 1062 168 1131 εἶναι
196 1067 309 1141 κοινάς
336 1064 470 1151 ἀνδρῶν
496 1087 531 1129 τε
558 1063 611 1129 καὶ
639 1076 809 1148 γυναικῶν
835 1067 893 1142 τάς
917 1065 1087 1141 πολιτικάς

80 1172 200 1257 άρετάς
223 1168 457 1254 διαταξάμενος
479 1172 594 1255 νόμον,
618 1170 655 1235 ἐν
678 1163 704 1258 ᾧ
728 1171 855 1254 γυμνάς
878 1170 914 1236 έν
937 1180 1009 1247 ταῖς
1026 1193 1086 1235 πα·
1114 1196 1127 1237 ε

81 1282 252 1363 λαίστραις
279 1279 570 1362 συγγυμνάζεσθαι
596 1288 667 1355 τοῖς
695 1277 857 1364 ἀνδράσιν
886 1280 943 1356 τὰς
973 1287 1088 1361 γυναῖ-

81 1408 142 1461 ιιας
169 1383 210 1448 ού
238 1386 344 1468 μόνον
372 1383 447 1461 νέας
475 1385 576 1460 οὔσας
599 1383 681 1448 άλλά
703 1383 758 1448 ιιαλ
781 1387 1000 1469 γεγηρακυίας
1023 1383 1088 1447 διε-

81 1488 199 1566 τάξατο
230 1491 345 1575 άρχειν
373 1513 407 1554 τε
443 1490 543 1566 αύτάς
576 1491 809 1574 παραπλησίως
841 1490 1003 1577 ἀνδράσιν
1032 1488 1088 1554 καὶ

81 1599 162 1672 τοὺς
191 1595 228 1660 έν
254 1607 326 1672 ταῖς
352 1599 474 1681 θήραις
501 1595 556 1661 καὶ
583 1596 664 1660 κατά
691 1598 837 1680 πόλεμον
864 1596 986 1680 ὁμοίως
1008 1596 1088 1661 ὑπο-

82 1702 196 1787 μένειν
228 1700 371 1785 ἀγῶνας,
404 1701 515 1785 ἐπειδὴ
547 1699 716 1788 παράδοξα
752 1703 862 1784 λέγειν
898 1699 996 1778 δόξας
1033 1703 1088 1766 διά
1103 1728 1129 1768 ιο

82 1811 187 1891 λόγου
214 1809 251 1872 τὸ
280 1816 340 1873 τοῦ
368 1810 473 1892 νόμον
503 1809 649 1874 δυνατόν
671 1831 705 1873 τε
728 1807 783 1873 καὶ
805 1807 976 1892 ὠφέλιμον
997 1830 1089 1872 κατε-

82 1916 255 1995 σκεύασεν,
285 1916 425 1997 ἤμελλεν
448 1910 485 1978 δὲ
508 1915 614 1990 εὐθὺς
636 1913 691 1979 καὶ
713 1915 773 1980 τὸν
794 1913 869 1999 περὶ
893 1923 953 1979 τοῦ
975 1914 1090 1990 κοινάς

83 2016 169 2085 εἶναι
198 2022 255 2096 τὰς
284 2031 444 2102 γυναῖκας
472 2021 678 2104 εἰσηγεῖσθαι
701 2023 807 2104 νόμον
828 2019 883 2085 καὶ
906 2017 992 2105 ἑώρα
1014 2027 1090 2083 τοῦ·

83 2150 144 2191 τον
179 2129 292 2212 πολλῷ
329 2135 388 2191 τοῦ
425 2125 589 2212 προτέρου
624 2124 889 2212 παραδοξότερον
925 2127 1091 2192 δοκοῦντα

84 2228 169 2297 εἶναι
197 2231 252 2296 καὶ
282 2232 562 2317 δυσπαράδεκτον,
591 2233 705 2315 άιιουε,
734 2223 788 2298 οία
811 2233 876 2319 πρὸ
900 2241 960 2298 τοῦ
983 2235 1090 2316 νόμον
1105 2256 1130 2299 ιι

83 2338 341 2423 προοιμιάζεται·
383 2336 487 2421 φησὶν
518 2340 581 2424 γὰρ
614 2339 720 2415 οὕτως
749 2339 859 2405 ’τοῦτο
889 2336 951 2423 μὲν
979 2339 1089 2425 ὥσπερ

82 2452 171 2528 κῦμα
197 2454 313 2528 φῶμεν
342 2445 536 2528 διαφεύγειν
564 2453 624 2510 τοῦ
655 2449 848 2528 γυναικείου
879 2444 955 2532 πέρι
983 2448 1090 2529 νόμου

83 2550 251 2633 λέγοντες,
281 2551 363 2615 ὥστε
392 2552 436 2634 μὴ
468 2551 594 2627 πάντας
624 2555 894 2635 κατακλυσθῆναι
926 2551 1090 2634 τιθέντας,

83 2657 128 2733 ὡς
161 2657 213 2721 δεῖ
244 2667 339 2742 κοινῇ
377 2657 483 2721 πάντα
516 2656 721 2739 ἐπιτηδεύειν
756 2658 835 2734 τούς
870 2679 905 2722 τε
941 2659 1091 2741 φύλακας

83 2765 164 2849 ἡμῖν
191 2762 246 2827 καὶ
273 2765 331 2840 τὰς
359 2764 558 2848 φυλακίδας,
586 2762 669 2827 άλλά
695 2786 739 2850 πῃ
766 2765 827 2828 τὸν
855 2765 958 2846 λόγον
988 2763 1091 2828 αὐτὸν
1104 2790 1132 2829 ιο

85 2872 175 2956 αὑτῷ
199 2869 455 2954 ὁμολογεῖσθαι,
479 2871 524 2946 ὡς
547 2869 673 2935 δυνατά
694 2892 729 2934 τε
747 2868 802 2934 καὶ
820 2868 971 2954 ὠφέλιμα
989 2867 1091 2964 λέγει,

83 2976 151 3041 Καὶ
174 2977 276 3060 μάλα,
299 2978 378 3060 ἔφη,
401 2975 442 3041 ού
466 2977 607 3061 σμικρὸν
623 2975 712 3060 κῦμα
730 2977 930 3060 διαφεύγεις.
970 2979 1091 3060 Φήσεις

84 3083 136 3165 δέ,
154 3078 197 3165 ἦν
216 3081 245 3146 δ’
265 3080 339 3165 ἐγώ,
358 3082 398 3147 οὐ
417 3081 500 3166 μέγα
519 3082 599 3146 αὐτὸ
621 3077 717 3165 εἶναι,
736 3081 816 3146 ὅταν
833 3082 870 3146 τὸ
893 3083 974 3166 μετά
991 3092 1090 3148 τοῦτο

40 3234 49 3251 .
86 3190 167 3274 ι’δῃς.
207 3188 291 3271 Λέγε
315 3189 371 3272 δή,
396 3189 472 3271 ι’δω,
496 3191 567 3272 ἔφη.
613 3190 741 3276 Τούτῳ,
763 3183 806 3271 ἦν
829 3185 858 3252 δ’
882 3187 957 3271 ἐγώ,
980 3186 1090 3253 ἕπεται

82 3298 186 3379 νόμος
214 3293 268 3359 καὶ
295 3304 365 3370 τοῖς
398 3297 588 3378 ἔμπροσθεν
619 3304 689 3371 τοῖς
720 3296 848 3377 ἄλλοις,
880 3294 925 3371 ὡς
957 3287 1090 3382 ἐγῷμαι,
1103 3319 1130 3361 ιτ

159 3528 182 3574 5.
200 3527 224 3575 6.
243 3524 407 3587 παλευτραις
423 3520 453 3573 Μ
535 3526 557 3573 7.
572 3525 596 3573 8.
616 3521 754 3587 διεταξετο
773 3521 802 3574 Μ
882 3527 906 3575 9.
925 3539 969 3583 τες
987 3521 1016 3574 Μ

89 3599 130 3646 1‘2.
150 3601 199 3645 τοῦ
230 3611 280 3654 τας
298 3592 326 3645 Μ
399 3596 440 3645 13.
460 3591 666 3662 εισηγμιλοθαι,
681 3608 714 3646 ex
728 3613 759 3662 η,
773 3592 802 3645 Μ
875 3598 916 3647 16.
935 3591 1006 3646 Plat.
1021 3591 1089 3646 rei.

85 3664 111 3716 V
131 3669 182 3716 457
308 3671 388 3716 τοῦτο
407 3661 492 3733 Plan]
511 3681 616 3717 τουτων
633 3661 676 3730 Μς
701 3671 800 3718 τοῦτον
819 3665 851 3732 μθ
945 3661 1041 3718 τοίνυν
1059 3610 1090 3718 δύ

88 3734 179 3800 ὥσπερ
198 3733 269 3787 Plat.
375 3738 415 3787 17.
434 3731 498 3800 παρ’
515 3751 630 3802 αφιομεν
648 3733 678 3787 Μ
777 3739 817 3788 18.
837 3732 999 3789 παντάπασι
1016 3733 1096 3786 Plan

160 3806 394 3872 κατανλειοθηναι
418 3803 447 3856 Μ
469 3806 516 3873 (er.
536 3806 550 3857 t
567 3806 596 3859 et
613 3803 645 3859 in
661 3821 718 3860 ras.
735 3808 768 3877 μδ
877 3809 926 3858 λθ.
942 3799 1118 3858 ἣπτοντο-Ὦ

86 3879 131 3941 (οε,
148 3880 194 3942 pt)
298 3879 338 3928 20.
359 3872 547 3946 φλνλλαιιιδας
564 3875 594 3933 Μ
708 3884 756 3936 ²8.
776 3879 808 3936 δε
823 3876 879 3950 m
895 3871 1030 3947 ςεῖλολ.

70 3944 178 4010 amm,
198 3958 233 3993 ex
250 3964 278 4010 οι,
299 3942 332 3996 Μ
