2394 4208
73 557 139 613 xm
153 559 184 632 ε]
342 559 391 616 οι
408 560 667 617 mmmm
685 560 807 618 μενοι
1018 560 1084 627 491

72 723 217 807 σώματα,
236 724 266 788 ελ
283 725 328 809 μὴ
347 733 408 790 τοῦ
426 725 634 809 κατὰφύσιν
652 724 783 808 ἐκσταίη
802 726 922 791 τόπου·
945 722 1086 792 ἕκαστον

72 831 136 914 γὰρ
169 828 207 895 ἐν
237 837 285 918 τῷ
316 832 399 896 κατὰ
430 833 536 915 φύσιν
567 830 681 915 μένειν
712 829 822 896 ἐθέλει
852 835 942 921 τόκῳ
975 832 1020 910 ὡς
1048 831 1085 898 ἐν

71 936 179 1023 τούτῳ
207 938 396 1024 σῳζόμενον
422 935 479 1002 καὶ
505 938 581 1019 βίας
608 938 675 1022 δελ,
702 938 759 1003 ἵνα
784 946 846 1002 τοῦ
873 939 1086 1022 κατὰφύσιν

69 1053 213 1128 μεταστῇ
236 1044 342 1108 τόπου
365 1044 406 1108 τά
428 1045 562 1128 σώματα
583 1041 708 1132 (ὥσπερ
732 1042 843 1128 άμέλει
861 1045 899 1109 τὸ
917 1045 1010 1130 ὕδωρ
1029 1043 1085 1110 καὶ

70 1150 113 1213 τά
144 1150 247 1233 γεηρὰ
277 1160 346 1215 τῶν
383 1151 542 1235 σωμάτων
578 1160 739 1236 μηχαναῖς
770 1167 859 1217 τισιν
889 1150 911 1234 ἢ
944 1152 1084 1236 δυνάμει
1110 1177 1125 1219 ε

71 1259 239 1341 κρείττονι
266 1257 419 1322 κάτωθεν
446 1258 515 1322 ἄνω
543 1255 757 1341 ἐκβιαζόμενα
783 1255 933 1343 φέρεται·
968 1256 1023 1323 καλ
1045 1258 1083 1323 τὸ

69 1363 225 1447 πυρῶδες
247 1371 378 1447 πνεῦμα
399 1373 470 1441 τοῖς
491 1362 631 1449 νέφεσιν
654 1363 953 1448 ἐναττοκλειόμενον
969 1363 1025 1430 καὶ
1043 1374 1083 1451 τῇ

68 1473 203 1553 πιλήσει
226 1471 498 1554 συνθλιβόμενον
526 1471 574 1548 είς
596 1471 656 1535 τὸν
677 1471 765 1535 κάτω
787 1469 843 1536 καλ
865 1472 955 1557 παρὰ
977 1472 1084 1555 φύσιν

68 1579 174 1641 τόκον
204 1574 470 1664 ἐξακοντίζεται),
502 1576 662 1643 ἐκστάντα
691 1575 721 1641 δ’
749 1577 837 1662 ὅμως
864 1586 925 1642 τοῦ
955 1579 1082 1644 οἰκείου

64 1686 174 1748 τόκου
200 1685 242 1748 τά
268 1684 404 1768 σώματα
426 1683 562 1772 ἐμφύτφ
586 1685 706 1750 λοιπὸν
729 1683 815 1771 ὁρμῇ
839 1682 887 1749 ἐπ’
911 1680 1002 1772 ἐΙιιεῖ-
1021 1701 1135 1743 tamon.

68 1814 133 1854 νον
162 1790 445 1876 εὐθυφορούμενιι
470 1790 610 1878 φέρεται
639 1791 685 1868 ὡς
713 1789 751 1856 ἐν
783 1789 873 1878 αὐτῷ
905 1792 1082 1878 σῳζόμενα
1096 1818 1121 1857 11

69 1897 100 1961 εί
118 1901 237 1962 τοίνυν
254 1895 310 1961 καλ
328 1897 348 1962 ὁ
367 1897 511 1983 οὐρανὸς
529 1897 567 1963 ἐν
584 1904 631 1984 τῷ
649 1898 732 1963 κατὰ
745 1898 857 1982 φύσιν
879 1896 970 1965 ἐστὶν
991 1900 1081 1985 τότιφ

69 2002 107 2068 ἐκ
128 2004 236 2089 τυρὸς
259 2004 307 2068 ὢν
325 2005 408 2069 κατὰ
427 2005 593 2070 Πλάτωνα
610 2003 666 2070 καλ
683 2005 790 2090 τιυρὸς
809 2004 853 2082 ὡς
872 2006 922 2070 ἔτι
938 2005 1083 2089 μάλιστα

68 2119 130 2175 τοῦ
153 2110 354 2176 λεπτοτάτου
376 2134 412 2175 τε
434 2109 490 2176 καλ
512 2112 763 2197 καθαρωτάτων,
781 2111 826 2189 ὡς
843 2110 899 2176 καί
916 2112 977 2177 τὸν
992 2112 1082 2198 Πρό-

22 2288 25 2292 ,
67 2221 151 2281 κλον
180 2225 283 2281 ταῦτα
313 2217 543 2302 ὁμολογοῦντα
570 2217 607 2284 ἐν
632 2229 703 2296 τοίς
730 2217 804 2304 ἑξῆς
830 2221 1081 2304 παραθήσομεν,
1095 2241 1121 2284 ιε

68 2322 154 2388 ὅθεν
189 2322 245 2389 καλ
281 2326 342 2408 τὴν
378 2323 526 2402 ἐξωτάτω
562 2325 698 2391 πάντων
729 2327 841 2411 χώραν
872 2329 1081 2410 κατείληφεν,

67 2428 237 2495 άθόνατον
264 2432 328 2515 άρα
356 2431 460 2496 αὐτὸν
487 2431 623 2520 ἐμφύτφ
651 2432 736 2519 ὁρμῇ
763 2433 825 2516 τὴν
849 2430 918 2497 κατ’
941 2431 1082 2497 εὐθεῖαν

65 2543 237 2601 κινεῖσθαι
255 2541 402 2621 κίνησιν·
426 2535 475 2602 ἐπ’
498 2538 634 2616 εὐθείας
657 2540 719 2625 γάρ
743 2540 945 2622 κινούμενον
966 2535 1020 2603 ἐπὶ
1042 2538 1080 2603 τὸ

67 2644 137 2708 άνω
169 2640 231 2728 μὲν
262 2653 431 2711 κινεῖσθαι
464 2645 634 2712 άόύνατον
666 2643 782 2733 (οὐδὲν
813 2649 877 2732 γάρ
906 2641 992 2712 εἶναι
1018 2653 1080 2711 τοῦ

65 2749 216 2835 οὐρανοῦ
245 2749 314 2828 ἐξω
351 2750 407 2817 καλ
442 2754 532 2839 καρὰ
562 2763 633 2830 τοῖς
663 2764 732 2818 τῶν
759 2751 927 2838 Ἑλλήνων
959 2762 1080 2837 σοφοῖς
1093 2774 1121 2816 ιο

66 2856 306 2943 ὡμολόγηται),
336 2856 390 2923 ἐπὶ
416 2859 454 2923 τὸ
482 2859 570 2925 κάτω
598 2857 630 2924 θ’
655 2860 685 2924 εί
711 2862 882 2943 κινηθείη,
908 2867 970 2924 τοῦ
996 2859 1080 2925 κατὰ

66 2964 175 3046 φύσιν
207 2962 400 3041 ἐξίστασθαι
431 2967 535 3031 τόπου
569 2964 709 3049 ἀνάγκη·
750 2963 821 3030 ἀλλ’
853 2962 956 3031 οὐδὲν
987 2969 1080 3032 ἔστιν

65 3079 162 3153 σῶμα
193 3081 320 3157 φυσικῇ
352 3094 419 3137 τινι
450 3072 589 3156 δυνάμει
619 3081 680 3137 τοῦ
710 3072 793 3137 κατὰ
822 3072 929 3158 φύσιν
955 3071 1080 3150 ἐξιστά-

64 3198 169 3259 μενον
195 3178 301 3242 τόκου
329 3175 451 3263 (πάντα
479 3180 541 3264 γάρ
570 3189 720 3262 φυσικῶς
745 3187 806 3244 τοῦ
830 3174 916 3244 εἶναι
939 3177 1079 3263 ἐφίεται,

64 3285 156 3347 ἔστιν
189 3279 225 3348 δὲ
255 3283 397 3367 μάλιστα
427 3282 483 3349 καλ
515 3283 651 3372 σῴζεται
683 3284 823 3351 ἕκαστον
855 3285 892 3351 ἐν
919 3294 965 3373 τῷ
995 3289 1078 3353 κατά
1091 3312 1117 3355 ιτ

64 3389 172 3472 φύσιν
190 3387 370 3477 ὑπάρχον),
394 3389 478 3455 ἀλλὰ
498 3393 575 3474 βίας
597 3392 643 3469 ίις
665 3387 762 3457 εἶκον
783 3390 910 3469 ἔξωθεν
932 3394 998 3478 δεῖ,
1022 3394 1079 3459 ἵνα

63 3506 126 3561 τοῦ
148 3498 231 3561 κατὰ
254 3499 360 3580 φύσιν
383 3497 515 3581 ἐκσταίη
536 3500 641 3564 τόκου
660 3510 729 3564 τῶν
745 3500 907 3583 σωμάτων
925 3497 1078 3565 ἕκαστον·

64 3604 147 3669 ὥστε
176 3600 255 3668 οὐδὲ
283 3605 343 3668 τὸν
370 3604 519 3690 οὐρανὸν
540 3602 708 3691 ἐνδέχεται
731 3607 812 3670 ἄνευ
836 3607 928 3683 τινὸς
951 3605 1079 3684 ἔξωθεν

136 3801 160 3850 3,
180 3797 360 3868 σωζῇοῇμενον
388 3813 422 3850 ex
440 3817 470 3863 ω,
489 3796 518 3850 Μ
626 3802 651 3851 8.
670 3801 788 3870 πηλησει
804 3798 838 3852 M
943 3798 1091 3852 mm.

62 3866 130 3919 Tim.
146 3868 210 3919 4οΑ
266 3872 306 3920 15.
326 3838 374 3921 ίοί.
389 3873 469 3924 217r.
481 3887 508 3926 v.
585 3875 630 3927 Π.
650 3869 826 3943 ενφυτυιὶὶ
896 3873 949 3922 θλ).
965 3865 1118 3936 mmm

50 3950 87 3985 ex
102 3954 132 3999 ιν,
151 3935 186 3986 Μ
255 3943 297 3990 26.
317 3935 407 3994 ΗΕΒ
1190 3970 1195 3975 ·
