2394 4208
73 530 114 583 lx
136 531 180 602 11]
344 528 392 583 DE
410 528 667 585 ΑΕΤΕΕΝῚΤΑΤΕ
685 527 807 584 MVNDI
1015 527 1080 592 349

73 692 112 759 ἐκ
139 703 197 776 τῆς
222 693 305 776 όλης
331 693 492 776 λαμβάνει
519 693 596 757 οὔτε
623 692 792 776 γεννώσης
819 692 919 777 αὐτῆς
946 693 987 758 τὰ
1009 694 1080 777 εἴδη

74 800 153 864 οὔτε
180 797 382 884 τρεπομένης
409 800 457 876 εἰς
483 800 545 882 την
570 808 638 863 τῶν
665 799 766 865 εἰδῶν
793 800 899 884 φύσιν
921 798 976 865 καὶ
1000 800 1081 865 αὐτὸ

74 907 148 988 εἴδη
178 904 368 989 γενομένης·
404 906 579 990 γεννητικὴ
608 901 670 990 μὲν
698 907 762 991 γὰρ
791 917 859 971 τῶν
888 908 988 972 εἰδῶν
1020 907 1083 972 οὐκ

75 1015 178 1096 ἔστιν,
202 1013 289 1077 διότι
312 1011 373 1077 οὐκ
397 1011 561 1098 ἐνδέχεται
584 1011 710 1078 ἐκτῶν
732 1015 893 1099 χειρόνων
915 1015 956 1078 τά
977 1018 1082 1100 κρείτ-

75 1142 158 1183 τονα
186 1123 354 1202 γίνεσθαι·
385 1129 455 1196 πῶς
483 1120 545 1204 γὰρ
569 1109 644 1184 οἷόν
665 1118 704 1184 τέ
724 1118 815 1184 ἐστιν
836 1120 898 1202 την
921 1119 1081 1203 άναόσθη-
1110 1142 1122 1182 ε

76 1248 139 1290 τον
160 1225 246 1308 ὕλην
268 1223 323 1289 καλ
346 1226 452 1304 άζωον
474 1224 529 1290 καλ
549 1225 634 1302 ὅλως
652 1224 804 1290 ἀνείδεον
823 1227 1010 1311 αἰσθήσεως
1027 1224 1083 1290 καὶ

76 1341 186 1416 ψυχῆς
213 1330 268 1396 καὶ
296 1331 381 1408 ὅλως
409 1332 522 1409 εἴδους
548 1328 635 1397 εἶναι
658 1333 781 1411 αλτίαν;
817 1334 858 1397 τά
886 1333 949 1418 γάρ
978 1336 1083 1419 κρείτ-

78 1461 161 1503 τονα
187 1448 254 1503 τῶν
281 1441 443 1523 χειρόνων
470 1438 646 1522 γεννητικά
673 1461 708 1502 τε
735 1436 790 1503 καλ
819 1445 922 1522 αἴτια,
944 1438 1007 1504 οὐκ
1030 1442 1084 1523 ἒμ-

77 1549 180 1608 παλιν
207 1555 275 1609 τῶν
303 1548 502 1631 κρειττόνων
530 1546 571 1609 τά
599 1547 757 1630 χείρονα·ν
787 1545 807 1628 ἡ
838 1541 899 1628 μὲν
928 1546 991 1631 γὰρ
1020 1545 1083 1630 ὕλη

79 1650 176 1716 ἕνεκά
198 1676 273 1734 του,
297 1651 334 1716 τὸ
359 1647 396 1715 δὲ
419 1646 509 1728 εἶδος
531 1645 572 1716 οὗ
595 1650 708 1735 ἕνεκα,
730 1661 881 1737 κρεῖττον
904 1648 941 1717 δὲ
963 1673 1084 1718 παυτα-
1099 1675 1125 1714 ιο

79 1766 143 1842 χοῦ
165 1758 202 1821 τὸ
227 1752 267 1823 οὗ
290 1756 387 1822 ἕνεκα
408 1767 469 1823 τοῦ
493 1756 589 1823 ἕνεκά
610 1781 680 1823 του.
726 1757 809 1823 άλλά
832 1759 872 1841 δὴ
894 1769 1029 1844 πρῶτον
1045 1769 1084 1845 τῇ

80 1865 181 1948 φύσει
209 1865 245 1928 τὸ
275 1858 316 1929 οὗ
344 1863 440 1929 ἕνεκα
466 1873 527 1930 τοῦ
554 1863 650 1930 ἕνεκά
676 1885 750 1929 του·
788 1866 817 1929 εἰ
839 1866 903 1950 γὰρ
926 1863 981 1930 καὶ
1003 1864 1080 1939 καθ’

79 1968 223 2055 ὕπαρξιν
250 1971 316 2054 άμα
344 1968 430 2036 εἰσὶν
451 1969 472 2053 ἣ
496 1971 558 2037 οὔκ
582 1972 677 2055 εἰσιν,
700 1971 812 2055 ἐπειδὴ
836 1971 890 2037 καλ
913 1982 981 2036 τῶν
1002 1974 1087 2058 πρός

78 2101 112 2141 τι
143 2079 243 2160 εἰσίν,
273 2075 344 2152 ἀλλ’
376 2072 439 2143 οὖν
471 2101 508 2160 γε
538 2084 814 2164 προεπινοελσθαι
846 2080 884 2143 τὸ
917 2072 959 2142 οὗ
990 2076 1086 2143 ἕνεκα

81 2183 206 2267 ἀνάγκη
230 2182 285 2248 καλ
309 2184 365 2248 διὰ
387 2193 486 2248 τοῦτο
509 2185 546 2248 τὸ
570 2183 666 2249 ἕνεκά
687 2207 747 2249 του
766 2185 1086 2268 παρασκευάζεσθαι·
1099 2202 1125 2246 ιε

80 2298 142 2354 τοῦ
171 2291 234 2374 γάρ
265 2290 377 2366 ελόους
405 2289 501 2355 ἕνεκα
530 2299 587 2374 τῆς
617 2292 724 2368 οἰκίας
754 2291 818 2375 ἤδη
850 2313 1086 2377 προεπινευοη-

81 2395 185 2480 με’νου
217 2398 278 2480 τὴν
313 2396 447 2462 τοιάνόε
480 2397 567 2480 ὕλην
596 2398 887 2483 παρασκευάζομεν
915 2400 919 2483 Ι
949 2398 1004 2464 καλ
1023 2416 1140 2458 10¹·141v·

81 2502 157 2588 οὐχὶ
180 2504 237 2568 όιά
258 2504 319 2586 τὴν
341 2503 427 2587 ὕλην
448 2505 486 2568 τὸ
510 2498 612 2582 εἶδος·
643 2505 752 2590 ὥσπερ
777 2503 888 2588 άμέλει
906 2505 962 2571 καὶ
979 2509 1085 2592 πατὴρ

81 2608 136 2674 καὶ
165 2611 240 2686 υλὸς
269 2620 337 2675 τῶν
365 2613 449 2696 πρός
478 2634 510 2674 τι
536 2608 613 2695 μέν,
643 2610 725 2676 ἀλλὰ
753 2612 853 2693 φύσει
879 2615 1040 2699 πρότερος
1067 2613 1085 2678 ὁ

80 2719 203 2800 πατήρ,
226 2715 281 2780 κοιλ
304 2717 341 2780 τὸ
365 2716 462 2799 γένος
484 2716 538 2782 καλ
561 2719 598 2783 τὸ
622 2713 712 2795 εἶδος
734 2728 802 2782 τῶν
823 2720 906 2805 πρός
928 2743 975 2804 τι,
1004 2719 1126 2786 άλλάιο

81 2833 120 2907 τῇ
149 2823 250 2905 φύσει
278 2822 315 2886 τὸ
344 2819 441 2905 γένος
467 2824 643 2910 πρότερον·
680 2823 786 2901 οὕτως
813 2819 876 2889 οὖν
901 2823 956 2890 καὶ
983 2826 1021 2890 τὸ
1045 2820 1086 2890 οὗ

82 2927 178 2992 ἕνεκα
200 2937 238 3014 τῇ
262 2928 362 3012 φύσει
384 2932 548 3015 πρότερόν
571 2929 662 2994 ἔστιν
683 2939 744 2994 τοῦ
768 2929 864 2995 ἕνεκά
885 2954 956 3014 του,
980 2934 1008 2997 εἰ
1032 2930 1086 2997 καὶ

83 3045 151 3098 τῶν
180 3038 263 3119 πρός
291 3057 322 3098 τι
354 3035 447 3099 εἰσίν.
493 3036 522 3099 εἰ
553 3032 589 3099 δὲ
618 3045 657 3121 τῇ
688 3037 789 3117 φύσει
818 3046 951 3122 πρῶτον
980 3039 1017 3104 τὸ
1045 3033 1086 3104 οὗ

82 3140 194 3223 ἕνεκα,
216 3141 279 3206 οὐκ
301 3139 343 3205 όλυ
367 3146 416 3223 εἴη
441 3140 604 3206 αὐτοῦτὸ
627 3140 724 3206 ἕνεκά
745 3165 805 3206 του
829 3148 950 3208 αἴτιον·
974 3156 1087 3231 πρῶτα

82 3250 147 3333 γὰρ
170 3257 209 3333 τῇ
233 3250 332 3330 φύσει
355 3257 422 3311 τῶν
445 3249 601 3313 αλτιατῶυ
622 3249 663 3313 τά
685 3255 782 3313 αἴτια.
819 3250 916 3333 ὥστε,
935 3251 1003 3334 εἰη
1026 3247 1088 3334 μὲν
1101 3277 1127 3318 ιε

82 3355 146 3437 ὕλη
175 3353 271 3418 ἕνεκά
296 3377 367 3437 του,
394 3355 431 3418 τὸ
461 3351 498 3419 δὲ
525 3350 615 3432 εἶδος
642 3349 683 3419 οὗ
711 3353 821 3438 ἕνεκα,
850 3355 912 3420 οὐκ
935 3357 998 3442 ἄρα
1020 3367 1088 3422 τῶν

83 3461 185 3525 εἰδῶν
215 3464 390 3543 γεννητική
421 3459 512 3524 ἐστιν
540 3460 561 3544 ἡ
591 3461 668 3544 ὕλη·
709 3463 746 3525 τὸ
776 3463 839 3547 γάρ
870 3472 999 3544 γεννῶν
1028 3471 1088 3527 τοῦ

83 3565 295 3651 γεννωμένου
323 3569 498 3649 ποιητικόν
525 3566 616 3632 ε’στιν
639 3573 757 3651 αἴτιον,
784 3568 821 3631 τὸ
850 3563 887 3631 δὲ
910 3567 1006 3633 ἕνεκά
1028 3592 1088 3634 του

158 3763 198 3810 11.
222 3776 253 3811 το
273 3758 310 3830 [Π
329 3758 384 3813 litt.
403 3759 454 3827 er]
473 3759 506 3813 ὁό
525 3759 554 3812 Μ
661 3779 770 3827 πρωτον
798 3760 839 3827 M,
867 3759 901 3814 of.
928 3759 978 3813 lin.
999 3767 1033 3814 24
1062 3764 1092 3815 et

84 3827 230 3883 fol.173r.
318 3836 358 3883 12.
377 3829 408 3884 τό
426 3833 460 3900 pt
489 3838 539 3885 τοῦ
558 3829 587 3884 M
678 3837 722 3887 145.
742 3831 901 3895 όικειαςὶὶ
917 3834 1036 3899 &mxx

83 3904 123 3951 28,
142 3899 347 3970 ymloelmov,
367 3917 444 3969 exo,
