2394 4208
57 541 85 596 X
100 547 125 596 3.
140 543 169 613 4]
325 541 374 595 DE
392 540 650 596 AETERNITATE
668 540 790 596 MVNDI
1003 541 1069 608 395

56 703 225 788 ὑπομένει.
272 702 441 788 ἐδείξαμεν
469 701 516 775 δὲ,
534 703 571 770 ἐν
598 715 668 782 τοῖς
696 708 897 790 ἔμπροσθεν,
922 705 966 783 ὅς
989 702 1069 771 οὐδὲ

56 812 142 874 κατὰ
169 811 316 896 ἀριθμὸν
345 812 378 875 αί
404 809 501 876 αὐταὶ
524 812 685 895 διηνεκῶς
707 822 775 876 τῶν
798 815 971 897 στοιχείων
994 811 1069 876 ὁλό-

58 941 153 1000 τητες
187 915 429 1001 ὑπομένουσιν·
469 929 539 996 πῶς
575 912 639 983 οὖν
675 918 737 983 οὐκ
773 919 916 1002 εὔλογόν
947 941 982 983 τε
1013 915 1069 983 καὶ

56 1022 243 1106 ἀναγκαῖον
270 1025 306 1089 τὸ
336 1023 416 1089 ὅλον
442 1026 483 1089 τά
512 1025 597 1090 αὐτά
626 1034 696 1102 τοῖς
724 1026 860 1101 οἰκείοις
888 1022 1069 1109 ὑπομένειν

56 1127 207 1214 με’ρεσιν,
1095 1157 1107 1197 5

126 1234 169 1301 δ’.
204 1234 292 1302 Οὐδὲ
320 1239 382 1323 γὰρ
411 1238 441 1302 εί
468 1239 511 1322 μη
542 1246 607 1302 νῦν
637 1236 780 1323 ὁρῶνται
812 1237 873 1302 ὅλα
902 1235 979 1302 καθ’
1008 1237 1069 1302 ὅλα

58 1341 143 1406 αὐτὰ
165 1344 206 1407 τά
230 1354 376 1428 στοιχεῖα
393 1345 655 1428 μεταβάλλοντα,
673 1353 771 1409 τοῦτο
791 1343 959 1421 ἀπόδειξίς
977 1342 1069 1408 ἐστιν

59 1457 120 1513 τοῦ
147 1450 254 1536 πάντη
283 1450 367 1515 αὐτά
393 1452 475 1516 κατὰ
498 1451 604 1534 φύσιν
627 1450 833 1535 ἀμετάβλητα
856 1446 950 1516 εἶναι.
995 1449 1068 1515 ἕκα-

61 1571 143 1619 στον
166 1557 228 1640 γάρ
252 1566 319 1620 τῶν
342 1557 461 1638 ὅντων,
484 1555 547 1621 κάν
570 1555 623 1621 ε’πὶ
643 1558 784 1642 σμικρὸν
802 1558 925 1642 χρόνον
944 1555 981 1621 ἐν
998 1567 1068 1634 τοίς

56 1656 158 1726 οὖσιν
189 1662 334 1748 ὑπάρχῃ,
367 1661 428 1740 ἕως
460 1661 503 1727 ἀν
533 1655 570 1747 ᾗ,
603 1662 729 1746 ἀνάγκη
760 1672 848 1729 πᾶσα
878 1662 959 1728 ὅλον
985 1661 1062 1727 καθ’
1082 1688 1107 1729 ιο

58 1766 141 1832 ὅλον
163 1768 243 1834 αὐτὸ
268 1769 494 1853 ἀμετάβλητον
517 1765 618 1853 εἶναι,
638 1770 678 1834 οὐ
701 1771 808 1854 μόνον
831 1765 962 1834 δὲκαθ’
986 1768 1067 1833 ὅλον

57 1874 139 1939 αὐτὸ
171 1874 254 1939 ἀλλά
283 1875 338 1940 καὶ
368 1877 450 1940 κατὰ
478 1877 518 1940 τά
547 1877 648 1960 κύρια
678 1876 781 1941 αὐτοῦ
808 1874 863 1941 καλ
892 1876 1067 1940 συνεκτικὰ

57 1989 118 2044 τοῦ
147 1980 228 2046 ὅλου
256 1980 354 2067 μέρη,
382 1974 457 2047 οἷον
484 1981 566 2068 φέρε
594 1984 700 2047 εἰπεῖν
723 1983 741 2048 ὁ
769 1984 960 2068 ἄνθρωπος·
998 1979 1061 2047 ἔστ’

55 2084 100 2150 ἀν
124 2089 186 2172 γάρ
210 2098 277 2151 τῶν
300 2090 408 2153 ὅντων
431 2081 467 2174 ᾖ,
491 2088 568 2165 ὅλος
590 2087 667 2153 καθ’
690 2089 771 2153 ὅλον
793 2089 896 2153 αὐτὸν
915 2087 947 2165 ἐξ
967 2088 1066 2171 άνάχ-

55 2216 116 2275 κης
140 2192 362 2277 ἀμετάβλητός
386 2193 490 2260 ἐστιν·
514 2196 544 2260 εί
567 2196 630 2281 γάρ
653 2194 730 2260 καθ’
750 2194 831 2261 ὅλον
849 2195 952 2260 αὐτὸν
969 2217 1065 2279 μετοι-
1080 2219 1105 2260 ιι

55 2299 170 2382 βάλοι,
198 2300 304 2378 εὐθὺς
327 2303 375 2377 είς
397 2302 434 2366 τὸ
457 2303 501 2386 μὴ
525 2300 566 2366 δν
588 2305 794 2385 μεθίσταται.
840 2301 924 2366 ἀλλά
947 2302 987 2384 δὴ
1010 2299 1065 2367 καὶ

56 2407 96 2470 τά
127 2409 313 2492 κυριώτατα
342 2418 409 2472 τῶν
440 2417 501 2472 τοῦ
532 2404 617 2495 ζῴου
647 2418 758 2494 μερῶν
787 2406 866 2473 καθ’
892 2408 953 2473 ὅλα
982 2407 1066 2473 αὐτά

56 2512 263 2597 ἀμετάβλητά
291 2513 392 2597 ἐστιν,
420 2505 494 2579 οἷον
520 2515 641 2600 καρδία
663 2538 698 2579 τε
720 2513 776 2579 καὶ
798 2510 885 2601 ἧπαρ
909 2516 1065 2598 πνεύμων

56 2618 170 2685 τεκαὶ
195 2619 377 2704 ἐγκέφαλος
403 2618 459 2684 καὶ
487 2626 521 2684 εί
543 2644 574 2684 τι
603 2630 749 2685 τοιοῦτο·
787 2619 905 2685 δποῑον
931 2622 995 2705 γάρ
1023 2619 1064 2686 ἀν

56 2727 186 2790 τούτων
213 2724 289 2791 καθ’
319 2725 400 2791 ὅλον
428 2725 508 2790 αὐτὸ
536 2727 701 2812 μεταβάλη
729 2725 749 2810 ἦ
777 2735 838 2791 τοῦ
866 2727 993 2791 οἰκείου
1017 2725 1065 2803 ἐξ·
1079 2753 1105 2792 ιο

57 2833 236 2915 ιστάμενον
258 2834 362 2897 τόπου
385 2832 405 2915 ἢ
430 2831 466 2897 ἐκ
489 2842 546 2917 τῆς
568 2834 650 2897 κατὰ
673 2835 779 2917 φύσιν
796 2836 965 2909 παντελῶς
983 2850 1063 2916 συμ-

55 2942 190 3023 μετρίας
213 2940 427 3024 τρεπόμενον,
447 2938 551 3017 εὐθὺς
569 2938 624 3003 καὶ
642 2948 703 3003 τοῦ
722 2938 804 3003 ὅλου
824 2937 908 3025 ζῴου
927 2941 1065 3025 φθοράν

56 3043 233 3127 ἐργάζεται.
279 3049 313 3109 τί
338 3039 401 3109 οὖν
428 3046 548 3110 κωλύει
575 3055 614 3131 τῇ
645 3045 728 3132 αὐτῇ
761 3043 958 3131 ἐπιχειρήσει
990 3049 1065 3111 τινά

56 3154 228 3237 χρώμενον
251 3151 371 3234 λέγειν,
394 3152 453 3236 ὡς,
477 3157 567 3238 είπερ
595 3153 673 3217 τόδε
699 3152 737 3217 τὸ
766 3156 851 3239 ζῷον
879 3153 955 3217 οὔτε
982 3151 1059 3218 καθ’

56 3258 138 3323 ὅλον
162 3258 242 3324 αὐτὸ
266 3258 346 3334 τέως
368 3259 562 3342 μεταβάλλει
586 3260 662 3323 οὔτε
681 3259 783 3323 πάλιν
800 3269 867 3323 τῶν
885 3262 1011 3343 κυρίων
1029 3281 1064 3322 τε
1078 3281 1105 3324 ω

54 3363 111 3428 καὶ
142 3375 346 3429 συνεκτικῶν
376 3365 479 3429 αὐτοῦ
507 3376 618 3450 μερῶν
638 3365 642 3448 λ
663 3360 764 3429 οὐδὲν
792 3364 873 3428 ὅλον
902 3362 979 3429 καθ’
1003 3381 1116 3422 romu

56 3470 137 3535 ὅλον
157 3470 236 3535 αὐτὸ
256 3472 462 3554 μεταβάλλον
481 3471 611 3556 ὁρᾶται,
630 3468 685 3535 καὶ
702 3475 872 3548 παντελῶς
890 3472 954 3556 ἀρα
973 3469 1065 3536 ἐστὶν

128 3703 357 3768 1.pag.202,11
436 3704 461 3751 3.
481 3697 629 3770 ἐυλοχλολν,
649 3714 682 3751 ex
701 3718 731 3766 ω,
749 3698 778 3751 Μ
859 3705 900 3753 13.
920 3717 956 3767 φε
976 3697 1064 3752 είπειν

55 3768 84 3821 Μ
159 3774 199 3822 14.
221 3768 267 3823 ὀλο
282 3769 322 3840 ς],
340 3785 374 3823 ex
392 3789 417 3837 τ,
436 3769 466 3822 Μ
546 3775 586 3823 16.
607 3770 830 3840 αμεταβλητολςλ,
849 3786 883 3824 ex
902 3791 927 3835 ν,
946 3768 975 3821 Μ

58 3845 98 3892 17.
118 3841 274 3907 κυριώτατα
306 3860 406 3907 κυριως
423 3859 513 3894 ταυτα
531 3839 561 3894 Μ
625 3845 668 3896 18.
687 3840 867 3910 πνευμουΜ
928 3844 980 3891 Μ),
997 3855 1084 3903 μετω-

46 3911 188 3978 βαλλειΗ,
210 3926 244 3963 ex
261 3930 285 3977 ν,
304 3910 337 3962 Μ
