2394 4208
89 577 153 631 XVI
166 578 196 648 4]
360 577 409 631 DE
427 577 685 633 AETERNITATE
703 577 824 633 MVNDI
1032 577 1097 643 579

89 740 108 822 ή
134 739 306 823 γεγονέναι
329 739 350 822 ἢ
373 744 583 825 γενήσεσθαι.
630 742 734 826 δῆλον
761 742 869 826 δήπου
892 743 1024 817 πάντως
1046 740 1097 806 έν-

89 854 226 927 τεῦθεν,
257 847 301 923 ὡς
329 845 474 933 προτέρα
502 843 565 931 μὲν
593 849 727 913 πάντων
756 848 777 932 ἡ
807 848 954 932 ἀπλανὴς
983 849 1031 924 εἰς
1059 849 1097 913 τὸ

90 953 170 1017 αὐτὸ
195 964 333 1037 σημεῖον
356 953 671 1039 ἀποκαταστήσεται,
699 953 839 1040 δευτέρα
861 952 898 1020 δέ
920 955 941 1039 ἡ
966 958 1097 1039 σελήνη,

90 1064 200 1143 τρίτος
230 1060 248 1125 6
278 1061 371 1144 ἥλιος
400 1059 455 1126 καί
485 1062 518 1126 ol
545 1063 651 1149 τούτῳ
680 1062 869 1147 ἰσόδρομοι,
899 1061 1051 1148 τέταρτος
1079 1060 1097 1127 6

88 1175 148 1231 τοῦ
164 1163 301 1252 Ἄρεως,
324 1166 470 1252 πέμπτος
494 1168 512 1233 6
535 1176 596 1232 τοῦ
621 1169 719 1251 Διός,
737 1170 874 1252 ἔσχατος
892 1168 910 1233 6
929 1177 989 1232 τοῦ
1009 1170 1097 1254 Κρό-
1125 1194 1139 1237 ε

89 1296 161 1337 νου.
207 1270 309 1338 οὐδὲν
332 1271 368 1338 δὲ
392 1275 513 1339 διοίσει
536 1274 621 1360 πρὸς
643 1275 704 1357 τὴν
726 1283 900 1359 παροῦσαν
918 1272 1098 1357 ἀπόδειξιν,

88 1378 151 1444 κάν
178 1382 222 1463 μή
252 1379 289 1444 ἐν
316 1389 363 1468 τῳ
390 1381 481 1469 αὐτῷ
509 1384 598 1469 τόπῳ
622 1381 768 1457 ἅπαντας
789 1380 999 1465 ἀποθώμεθα
1022 1379 1093 1446 ἀλλ’

89 1488 192 1551 ἀλλον
212 1488 216 1570 ή
238 1486 397 1572 ἀλλαχοῦ,
434 1488 480 1564 ὡς
515 1486 558 1551 ἀν
589 1488 723 1571 τύχοιεν
754 1488 861 1562 ὄντες·
904 1486 922 1551 6
955 1488 1018 1573 γάρ
1036 1504 1150 1547 τοι-εστ.

89 1592 189 1669 αὐτὸς
211 1593 292 1677 ἡμίν
315 1593 452 1678 ἁρμόσει
476 1592 552 1680 περὶ
570 1603 628 1678 τῆς
647 1591 787 1658 ἑκάστου
806 1592 1098 1671 ἀποκαταστάσεως

89 1701 200 1782 λόγος·
241 1705 423 1784 σαφηνείας
455 1697 492 1764 δὲ
524 1700 622 1786 χάριν
654 1698 690 1765 ἐκ
721 1709 781 1764 τοῦ
818 1699 921 1765 αὐτοῦ
959 1704 1097 1783 σημείου
1112 1727 1138 1768 ιο

88 1806 212 1883 πάντας
244 1817 302 1890 τῆς
333 1807 434 1891 αὐτῆς
467 1805 671 1892 ἀρχομένους
702 1807 862 1890 περιόδου
892 1804 1098 1891 ὑπεθέμεθα,

89 1912 168 1996 ὅπερ
199 1911 254 1977 καὶ
284 1913 457 1997 γεγονέναι
487 1935 522 1977 τε
551 1911 606 1977 καί
634 1916 774 1978 ἔσεσθαί
799 1912 888 1978 έστιν
916 1912 1098 1995 ἀναγκαῖον

88 2019 141 2083 καὶ
169 2021 310 2103 μάλιστα
337 2021 419 2084 κατά
441 2022 520 2096 τοὺς
542 2018 654 2084 ἀίδιον
678 2014 763 2083 εἷναι
787 2020 847 2083 τὸν
869 2022 994 2103 κόσμον
1016 2019 1097 2084 ὑπο-

88 2126 297 2209 τιθεμένους·
320 2125 375 2190 καὶ
398 2135 464 2191 νῦν
487 2127 550 2212 γάρ
575 2122 626 2209 ἐφ’
649 2125 744 2210 ήμῶν
766 2127 848 2190 κατά
870 2126 907 2190 τὸ
931 2127 1097 2192 διακοσιο-

90 2234 171 2297 στὸν
188 2233 454 2316 τεσσαρακοστὸν
471 2230 621 2316 πέμπτον
641 2237 885 2315 Διοκλητιανοῦ
905 2236 976 2310 έτος
996 2232 1033 2298 έν
1050 2241 1096 2321 τῷ
1112 2259 1137 2301 ιο

88 2339 176 2426 αὐτῷ
201 2340 305 2426 ζῳδίῳ
329 2347 375 2426 τῷ
397 2339 509 2426 ταύρῳ
530 2341 710 2422 γεγόνασιν
727 2340 759 2404 οί
779 2337 859 2404 έπτά
876 2341 1097 2424 πλανώμενοι,

89 2448 117 2510 εί
141 2445 195 2510 καί
217 2448 261 2529 μὴ
286 2445 322 2510 ἐν
345 2455 383 2531 τῇ
407 2445 490 2530 αὐτῇ
513 2448 614 2530 μοίρᾳ
636 2447 789 2522 ἅπαντες·
821 2445 976 2511 ὥστεκαὶ
996 2444 1095 2533 ἐντῷ

88 2553 176 2639 αὐτῷ
206 2556 328 2639 σημείῳ
357 2550 515 2635 γενέσθαι
543 2552 668 2628 πάντας
699 2549 872 2637 ἐνδέχεται.
918 2547 969 2636 ἀρ’
992 2548 1096 2618 οὖνὸ

87 2668 189 2722 ταῦτα
203 2659 308 2734 οὕτως
323 2656 557 2742 διαταξάμενος
570 2656 625 2722 καὶ
644 2657 893 2743 δημιουργήσας
911 2659 992 2735 θεὸς
1010 2661 1095 2742 ἔγνω

88 2763 224 2848 ἑκάστης
253 2774 438 2851 περιφορᾶς
467 2765 529 2848 τήν
559 2763 826 2829 ἀποκατάστασιν
853 2763 874 2847 ή
905 2763 966 2829 οὐκ
995 2768 1094 2847 έγνω;
1109 2791 1136 2832 ιο

87 2874 116 2936 εί
144 2869 205 2955 μὲν
233 2867 296 2936 οὖν
323 2871 385 2935 οὐκ
413 2874 513 2954 ἔγνω,
544 2869 702 2955 ἀγνοήσει
725 2872 786 2953 τήν
808 2869 911 2953 τάξιν,
934 2866 973 2954 ής
996 2871 1096 2949 αὐτός

88 2977 179 3042 ἐστιν
207 2984 319 3054 αίτιος.
364 2982 471 3043 καίτοι
499 2975 628 3060 λέγεται
656 2976 693 3042 έν
720 2981 844 3065 Τιμαίῳ
872 2977 929 3054 εὡς
955 2974 1096 3061 κινηθὲν

88 3085 168 3148 αὐτὸ
201 3083 255 3148 καὶ
289 3088 373 3170 ζῷον
405 3082 542 3166 ένόησεν
573 3095 640 3148 τῶν
676 3083 795 3149 ἀιδίων
831 3090 923 3147 θεῶν
957 3085 1095 3167 γεγονὸς

87 3192 216 3273 ἀγαλμα
239 3190 257 3255 6
281 3193 444 3274 γεννήσας
466 3193 587 3276 πατήρ,
610 3191 742 3274 ήγάσθη
762 3188 870 3254 τεκαὶ
890 3189 1095 3275 εὐῳρανθεὶς

87 3300 134 3361 ἔτι
159 3298 199 3380 δή
223 3301 351 3380 μᾶλλον
378 3296 496 3380 ὅμοιον
518 3296 602 3382 πρὸς
624 3296 661 3361 τὸ
684 3296 893 3382 παράδειγμα
916 3295 1095 3380 ἐπενόησεν
1107 3322 1134 3365 εσ

87 3403 349 3490 ἀπεργάζεσθαί.
396 3404 425 3468 εί
448 3398 486 3467 δέ
509 3406 594 3486 ἔγνω
617 3403 819 3486 κινούμενον
841 3401 896 3467 καὶ
920 3404 976 3467 διά
994 3411 1093 3467 τοῦτο

86 3512 186 3574 πάλιν
217 3509 249 3588 ἐξ
280 3510 423 3594 ἀνάγκης
454 3512 554 3593 ἔγνω,
588 3512 667 3574 πότε
698 3508 814 3593 ἑκάστη
847 3511 1014 3596 περιῳορά
1046 3510 1094 3585 είς

85 3620 122 3681 τὸ
152 3617 231 3681 αὐτὸ
261 3627 398 3700 σημεῖον
426 3615 640 3699 ἀπεκατέστη,
669 3617 824 3699 δηλονότι
847 3618 1011 3702 πρότερον
1032 3612 1093 3699 μὲν

156 3886 195 3933 15·
216 3898 295 3942 πονε
311 3879 342 3932 Μ
403 3885 445 3935 22.
465 3878 540 3937 Plat.
554 3878 630 3936 Tim.
646 3880 710 3935 31ss
729 3880 781 3949 χες
800 3877 847 3946 66
908 3879 963 3925 σε.
976 3862 1142 3929 &mm

147 3955 188 4003 26.
209 3948 433 4021 ἀπεργάσασθαι
453 3952 531 4011 Plat.
944 4017 1005 4075 m.
