2394 4208
63 558 119 630 1⁶]
328 553 390 613 'DE
408 558 666 615 AE'I'ERNITA'I'E
684 561 805 616 MVNDI
1038 567 1079 632 15

130 719 168 786 ε’.
200 719 288 805 Ἐγὼ
321 719 358 787 δὲ
385 724 423 788 τὸ
455 719 517 808 μέν
545 725 704 809 δεύτερον
731 735 798 790 τῶν
824 725 1079 811 ὑποδειγμάτων

62 825 143 894 οὐδὲ
170 831 276 913 λόγου
304 829 377 894 δεῖν
405 826 497 913 οἶμαι
524 828 675 908 ἀξιῶσαι·
711 835 761 909 τίς
788 835 851 917 γὰρ
879 833 942 898 οὐκ
974 830 1077 917 οἶδεν,

61 936 108 1012 ὡς
124 935 145 1019 ἡ
164 938 242 1001 σκιὰ
259 933 362 1001 οὐδὲν
382 935 387 1023 1
407 935 521 1023 ἔτερόν
540 937 630 1004 ἐστιν
648 937 668 1021 ἢ
688 939 799 1021 φωτὸς
818 939 984 1023 στέρησις;
1006 941 1130 1025 waher.

60 1039 100 1107 δέ
127 1041 281 1128 στέρησις
307 1040 385 1107 καλέ
414 1043 494 1108 αὑτὸ
522 1046 566 1128 μὴ
594 1046 635 1109 ὄν
663 1044 766 1129 ἐστιν,
799 1046 843 1123 ὡς
865 1055 973 1133 μικρῷ
996 1051 1076 1132 πρό-

59 1155 149 1215 σθεν
172 1147 351 1234 ἐδείξαμεν.
395 1161 465 1228 πῶς
487 1149 530 1215 δν
553 1146 617 1216 οὖν
639 1176 688 1229 τις
711 1161 796 1217 νοῦν
819 1155 904 1237 ἔχων
927 1159 1014 1218 εἴποι
1037 1156 1074 1218 τὸ
1103 1181 1116 1221 ι

59 1254 98 1320 έν
122 1253 209 1339 φωτὶ
233 1267 327 1341 σῶμα
348 1266 409 1322 τοῦ
431 1255 509 1322 καθ’
537 1258 618 1323 αὑτὸ
641 1261 685 1342 μη
709 1261 806 1336 ὄντος
829 1263 938 1329 αἴτιόν
962 1259 1075 1326 τεκαὶ

57 1363 266 1448 παρακτικὸν
292 1359 393 1443 εἷναι;
425 1365 462 1428 τὸ
491 1366 554 1450 γὰρ
581 1367 625 1449 μὴ
653 1364 694 1430 ὄν
721 1367 762 1430 οὐ
790 1370 932 1450 γίνεται,
961 1367 982 1450 ἡ
1010 1369 1074 1453 γὰρ

58 1468 190 1553 γένεσις
212 1478 273 1535 τοῦ
297 1471 407 1547 ὄντος·
438 1470 479 1535 οὐ
502 1472 580 1556 γάρ,
604 1470 717 1556 ἐπειδὴ
741 1472 877 1556 ὀνόματι
902 1474 1074 1557 διασημαί-

56 1599 152 1641 νετια
181 1576 200 1661 ἡ
227 1586 288 1642 τοῦ
316 1578 428 1660 φωτὸς
455 1577 607 1663 στέρησις
637 1581 714 1642 σκιὰ
736 1577 790 1642 καὶ
814 1581 932 1656 σκότος
954 1584 1073 1644 καλου-

54 1682 154 1768 μένη,
177 1683 239 1768 ἤδη
263 1683 321 1748 διὰ
341 1693 440 1750 τοῦτο
458 1683 514 1749 καὶ
531 1683 676 1771 ὕπαρξίν
693 1708 769 1749 τινα
786 1683 841 1750 καὶ
861 1680 950 1762 εἶδος
969 1685 1074 1769 αὐτὴν
1088 1712 1114 1750 ιο

55 1787 283 1873 ὑποληπτέον·
315 1788 370 1855 καὶ
398 1792 461 1876 γὰρ
489 1792 510 1875 ἡ
537 1802 595 1875 τῆς
622 1793 729 1870 ὄψεως
757 1790 908 1877 στέρησις
936 1791 1073 1875 ὀνόματι

57 1896 310 1980 διασημαίνεται
328 1899 497 1982 τυφλότης
518 1897 705 1981 καλουμένη
729 1896 784 1962 καὶ
807 1897 844 1961 τὸ
868 1900 946 1974 τοὺς
968 1898 1074 1974 πόδας

53 2001 290 2088 βεβλαμμένον
312 2002 368 2068 καλ
390 2014 448 2087 τῆς
471 2001 516 2068 δι’
544 2004 655 2068 αὐτῶν
677 2007 838 2088 κινήσεως
856 2002 1074 2090 ἐστερημένον

53 2110 169 2195 χωλὸν
182 2115 339 2194 καλεῖται,
358 2108 413 2175 καὶ
427 2108 541 2187 οὐδεὶς
554 2109 597 2175 δν
611 2117 698 2176 ελποι
712 2107 802 2188 εἶδός
816 2135 848 2176 τι
862 2109 917 2176 καὶ
930 2108 1074 2197 ὕπαρξιν

53 2211 146 2281 εἶναι
173 2218 235 2300 τὴν
262 2220 454 2301 τυφλότητα
475 2216 496 2300 ἣ
519 2218 581 2300 την
603 2220 780 2302 χωλότητα.
825 2215 897 2282 οὐδ’
925 2219 989 2302 ἄρα
1010 2220 1072 2300 τὴν
1088 2241 1112 2282 ιι

53 2331 118 2387 τοῦ
149 2324 261 2406 φωτὸς
288 2323 457 2409 στέρησιν,
490 2329 554 2388 εἴτε
587 2328 705 2401 σκότος
734 2331 798 2389 ελτε
825 2326 901 2390 σκιὰ
927 2328 1072 2407 καλοῖτο,

55 2423 149 2504 εἶδός
175 2452 207 2493 τι
235 2429 453 2514 ὑποληπτέον.
499 2431 536 2495 τὸ
565 2427 602 2495 δὲ
630 2432 830 2515 ζητούμενον
857 2432 937 2516 ἡμῖν
959 2426 1011 2514 ἦν,
1042 2432 1072 2494 εἰ

55 2538 150 2600 ἔστιν
172 2559 204 2600 τι
227 2546 295 2600 τῶν
318 2538 426 2602 ὄντων
443 2534 519 2622 παρ’
536 2534 650 2623 ἑτέρου
673 2539 711 2603 τὸ
735 2533 820 2602 εἶναι
839 2537 893 2602 καὶ
912 2539 973 2620 τὴν
990 2536 1072 2601 ὑπό·
1104 2526 1107 2533 ’

56 2658 176 2707 στασιν
204 2643 450 2728 δημιουργικῶς
478 2645 616 2727 εἰληφὸς
642 2647 687 2729 μὴ
714 2645 856 2729 ὕστερον
881 2652 941 2708 τοῦ
971 2664 1072 2727 παρα-

55 2750 230 2832 γαγόντος.
275 2749 295 2832 ἡ
324 2746 362 2814 δέ
389 2751 467 2815 σκιὰ
494 2750 645 2835 στέρησίς
673 2750 762 2815 έστιν
792 2752 902 2834 φωτὸς
926 2749 966 2813 οὐ
990 2747 1066 2813 καθ’
1086 2773 1112 2812 ιο

56 2854 140 2920 αὑτὸ
163 2857 213 2920 ὄν.
259 2856 378 2940 ὅμοιον
404 2852 468 2922 οὖν
495 2855 586 2923 ἐστιν
609 2859 646 2923 τὸ
669 2858 779 2941 λέγειν
801 2858 839 2921 τὸ
863 2865 956 2939 σῶμα
979 2864 1072 2932 σκιᾶς

55 2956 145 3026 εἶναι
167 2963 343 3044 ποιητικὸν
366 2968 475 3028 αἴτιον
497 2961 630 3028 καὶτὸν
647 2964 799 3028 θάνατον
817 2972 877 3027 τοῦ
895 2963 939 3046 μὴ
958 2963 1071 3039 ὄντος·

55 3069 168 3152 ὥσπερ
197 3061 260 3132 οὖν
288 3069 325 3132 τὸ
353 3070 396 3152 μη
425 3067 466 3133 δν
496 3069 557 3153 οὐχ
589 3067 741 3154 ὕπαρξιν
764 3062 853 3132 εἶναί
881 3092 957 3133 τινα
988 3069 1072 3133 ιἰλλδ

54 3175 164 3258 μόνον
177 3182 239 3239 τοῦ
253 3175 351 3251 ὄντος
365 3173 520 3260 στέρησιν
537 3183 695 3259 νοοῦμεν,
714 3176 801 3240 οὕτω
819 3173 873 3239 καὶ
892 3178 953 3260 την
974 3177 1071 3241 σκιὰν

55 3279 214 3366 στέρησιν
241 3282 352 3364 φωτὸς
379 3277 464 3347 εἶναι
492 3284 600 3365 μόνην
627 3280 682 3347 καὶ
705 3281 766 3365 οὐχ
788 3281 973 3348 ὑπόστασίν
995 3304 1071 3345 τινα
1085 3303 1110 3343 ιι

53 3387 355 3472 εἰδοπεποιημέιην
381 3389 448 3453 ὑπὸ
476 3401 544 3454 τῶν
571 3391 731 3474 σωμάτων
760 3385 1072 3475 δημιουργουμένην

54 3494 320 3579 ἐπιστωσάμεθα.
347 3505 417 3572 πῶς
435 3490 498 3560 οὖν
517 3498 559 3560 ἄν
577 3520 627 3573 τις
645 3497 706 3578 τὴν
724 3503 784 3560 τοῦ
804 3496 915 3579 φωτὸς
934 3494 1072 3578 φθορὰν

54 3599 93 3666 έκ
126 3610 185 3684 τῆς
216 3611 284 3665 τῶν
311 3602 471 3685 σωμάτων
499 3600 724 3687 ἀντιφράξεως
751 3600 932 3685 γινομένην
959 3600 1072 3663 εἰκόνα

129 3798 154 3848 8.
173 3793 411 3864 σιαιημηαιλνεται
435 3792 464 3846 Μ
553 3800 593 3848 11.
618 3796 803 3854 ϋπολειπτεον
822 3796 852 3855 Μ
876 3800 926 3871 (cr.
944 3800 993 3872 ρλ)

52 3871 98 3921 ις,
118 3865 318 3935 μεμιαμμινγν
337 3879 372 3914 τι
388 3880 431 3928 να,
457 3866 489 3917 ιιι
507 3864 576 3938 vid]
591 3867 626 3923 M
689 3876 732 3929 17.
753 3876 986 3953 ὕποληηηπτεον,
1004 3891 1043 3932 οι
1064 3890 1102 3943 ει,

46 3936 86 3986 1!
147 3937 186 3980 κσ.
206 3932 347 3994 ειτμετλεε
359 3931 453 3996 μόνον
