2394 4208
63 556 165 627 xvm]
337 555 387 610 οε
405 555 664 610 ινεεοαιειεε
681 555 803 610 mm
1006 555 1069 619 611

63 730 131 781 τῶν
158 729 304 801 ποιητῶν
331 723 496 805 συνηθείᾳ
523 719 541 784 ό
566 719 709 783 Πλάτων
732 719 965 803 ἀκολουθήσας
988 720 1073 783 θεὸν

63 827 123 888 τὸν
146 827 272 908 κόσμον
295 826 476 910 ὠνόμασεν.

131 929 174 1014 η’.
199 930 268 995 Ὅτι
291 937 459 1016 πολλαχοῦ
483 935 561 1010 τοὺς
583 935 776 1017 ποιητικοὺς
793 934 927 1016 μύθους
947 933 965 998 ὁ
986 930 1073 997 Πλά-

64 1063 132 1102 των
154 1048 193 1122 τῇ
218 1040 287 1125 ἰόίηι
311 1037 509 1116 συνέπλεξεν
532 1040 728 1124 διδασκαλίᾳ
747 1039 792 1115 ὡς
810 1041 921 1122 λόγοις
939 1037 993 1103 καί
1013 1038 1074 1124 οὐχ

65 1147 109 1221 ὡς
131 1146 257 1229 μύθοις
280 1143 322 1209 δι’
347 1145 549 1211 ἁστινασοῦν
572 1146 678 1222 αἰτίας
701 1145 913 1230 χρησάμενος.
1101 1173 1113 1214 ε

131 1250 180 1316 θ’.
205 1249 275 1316 Ὅτι
298 1253 386 1336 παρὰ
409 1253 446 1316 τὸ
471 1250 521 1316 άεί
544 1258 623 1317 θεῖν
645 1252 730 1316 θεὸν
754 1250 949 1335 ὠνομάσθαι
968 1251 1074 1335 λέγων

65 1360 126 1422 τὸν
154 1361 280 1442 κόσμον
308 1358 325 1424 ὁ
351 1360 494 1423 Πλάτων
522 1358 704 1443 ὁμωνύμως
733 1368 803 1434 τοῖς
825 1367 958 1439 νοητοῖς
980 1364 1075 1435 θεοῖς

66 1463 121 1528 καὶ
149 1465 190 1529 ού
218 1466 424 1549 συνωνύμως
451 1466 536 1529 θεὸν
559 1464 662 1530 αὐτὸν
684 1465 940 1550 προσαγορεύει·
977 1463 1009 1541 ἐξ
1033 1460 1074 1529 οὗ

65 1573 256 1655 συνάγεται,
280 1572 330 1636 ὅτι
353 1572 413 1636 τὸν
436 1574 561 1655 κόσμον
584 1572 666 1635 κατά
688 1573 812 1655 χρόνον
830 1570 970 1653 γενητὸν
989 1565 1074 1634 εἰναι

63 1679 220 1760 βούλεται
247 1677 302 1742 καί
330 1677 370 1741 ού
399 1681 505 1762 μόνον
532 1674 601 1742 κατ’
625 1678 744 1759 αἰτίαν,
773 1678 851 1752 τοὺς
874 1671 911 1739 δὲ
934 1679 1075 1759 νοητοὺς
1088 1706 1114 1744 ιο

67 1788 171 1861 θεοὺς
202 1786 283 1849 κατά
315 1787 438 1869 χρόνον
471 1786 578 1868 μόνον
608 1781 663 1848 καί
696 1783 736 1847 οὐ
764 1780 833 1846 κατ’
862 1784 971 1846 αἰτίαν
1001 1782 1074 1865 άγε-

65 1894 194 1974 κήτους.

133 1996 166 2062 ι’.
191 1995 260 2061 Ὅτι
291 1998 433 2061 Πλάτων
464 1999 542 2072 τοὺς
571 1994 647 2080 περί
674 2000 766 2059 θεῶν
793 1998 985 2076 ποιητικοὺς
1014 1997 1074 2080 μύ-

63 2111 151 2180 θους
182 2113 250 2167 τῶν
281 2107 444 2187 μεγίστων
475 2112 586 2166 κακῶν
622 2112 706 2186 τοῖςΙ
723 2100 915 2186 ἀνθρώποις
947 2103 1074 2179 αἰτίους

64 2205 149 2273 εἶναι
182 2208 367 2292 ἡγούμενος
400 2209 466 2273 δέει
500 2219 567 2272 τῶν
593 2206 783 2292 Ἀθηναίων
815 2207 877 2292 οὐχ
909 2205 995 2272 ἑκὼν
1027 2211 1074 2286 εἰς
1088 2237 1113 2277 ιι

65 2315 187 2391 αὐτοὺς
216 2315 426 2401 κατεφέρετο·
468 2307 495 2402 ρί
525 2319 635 2403 τρόπω
665 2313 719 2379 καί
749 2315 809 2378 τὸν
836 2317 963 2398 κόσμον
990 2316 1074 2380 θεὸν

65 2426 178 2503 ἔλεγεν
201 2421 262 2485 ούκ
285 2421 447 2505 ἀγένητον
471 2417 555 2486 εἰναι
578 2421 771 2506 ἡγούμενος.

131 2525 191 2591 αι’.
216 2525 285 2591 Ὅτι
314 2528 390 2611 οὐχ,
423 2530 532 2612 ὥσπερ
560 2527 598 2592 ἐν
624 2535 671 2615 τῷ
698 2532 857 2615 πολιτικῷ
888 2525 964 2592 καθ’
992 2528 1072 2593 ὑπό-

64 2641 163 2698 θεσιν
187 2635 233 2710 εἰς
255 2635 292 2697 τὸ
317 2635 458 2698 άτακτον
480 2635 674 2717 μεταβάλλει
697 2635 734 2698 τὸ
757 2633 966 2718 τεταγμένον,
986 2634 1072 2700 οὕτω

64 2740 118 2804 καὶ
143 2740 179 2804 ἐν
202 2737 335 2828 Τιμαίίῳ
358 2738 435 2804 καθ’
458 2741 625 2806 ὑπόθεσιν
648 2739 683 2805 ἐκ
706 2750 766 2806 τοῦ
790 2740 931 2805 άτάκτου
950 2741 987 2805 τὸ
1014 2757 1054 2799 101.
1063 2760 1124 2801 εδει.

64 2847 263 2930 τεταγμίνον
290 2846 394 2930 φησὶν
421 2850 585 2929 γίνεσθαι.
631 2845 685 2911 καί
713 2858 783 2924 πῶς
811 2848 862 2912 δεῖ
889 2858 981 2912 νοεῖν
1010 2849 1072 2932 τὴν
1086 2877 1111 2914 ει

65 2954 100 3018 ἐκ
130 2963 190 3017 τοῦ
220 2952 361 3017 ἀτάκτου
393 2955 440 3029 εἰς
467 2953 503 3016 τὸ
532 2951 731 3036 τεταγμένον
758 2951 897 3036 γένεσιν.
943 2951 998 3018 καί
1021 2953 1072 3019 ὅτι

63 3057 151 3137 τινὲς
174 3061 235 3142 τὴν
258 3057 360 3135 δόξαν
382 3061 506 3142 ταύτην
528 3067 587 3124 τοῦ
608 3059 789 3136 Πλάτωνος
812 3061 859 3136 εἰς
876 3062 937 3143 την
955 3057 1072 3145 Ἐμπε-

65 3165 224 3242 όοκλὲους
249 3165 443 3247 ἀπάγουσιν.

129 3271 191 3356 βί.
220 3270 394 3355 Ἐπίλογος
425 3281 482 3356 τῆς
513 3271 619 3354 πάσης
650 3275 873 3357 πραγματείας
904 3271 959 3337 καί
989 3296 1070 3358 προ·
1085 3299 1111 3340 ιτ

65 3383 281 3464 αναφώνησις
304 3388 371 3442 τῶν
395 3376 474 3462 ἑξῆς.

139 3582 160 3626 1.
180 3573 414 3695 ακοίηηουθησας,
433 3586 466 3623 ex
488 3591 519 3635 υ,
537 3569 581 3623 Μ·
661 3576 684 3624 2.
704 3570 841 3641 καίσίμον,
862 3587 894 3624 ex
914 3591 937 3638 ν,
957 3571 1001 3624 M‘

65 3653 89 3698 5.
110 3645 225 3715 άιτιίας]
275 3651 288 3678 ³
364 3647 386 3696 7.
406 3641 478 3694 Plat.
498 3641 571 3696 Crat.
591 3640 672 3695 397D
750 3646 772 3694 9.
793 3641 864 3695 κατὰ
883 3659 936 3696 om.
955 3639 999 3696 Mb

66 3722 106 3769 10.
127 3717 235 3786 βόλεται
254 3715 297 3766 Μ’
365 3718 458 3766 10.11.
478 3731 528 3766 του
546 3713 578 3766 δε
596 3731 698 3781 νοητόν
716 3715 788 3766 θεον
806 3709 850 3765 Mb
915 3718 955 3767 14.
976 3723 1070 3769 κακῶν

64 3805 117 3839 om.
136 3785 180 3838 Mb
253 3792 293 3837 15.
313 3786 355 3837 δει
375 3781 419 3837 Mb
483 3789 524 3838 16.
543 3782 614 3837 θεὸν
633 3801 685 3838 om.
706 3781 750 3836 Mb
815 3788 855 3836 19.
875 3785 1081 3852 μεταίᾀίοιλλει,

63 3875 97 3911 ex
117 3856 211 3977 αἶ
300 3860 341 3909 21.
362 3852 495 3925 γενέσθαι
512 3856 546 3926 pt
641 3857 703 3910 δειν
721 3854 1049 3925 τὴν,“ιτιωε.ῑς.ζυῑ“
1065 3852 1102 3894 θ)

59 3945 142 3980 rom.
193 3933 206 3959 ⁸
