2394 4208
86 543 167 616 vm]
353 542 402 598 DE
421 543 677 599 κετεοωτιτε
696 544 817 600 mm
1029 546 1095 612 295

84 705 193 790 ἐστιν,
221 707 255 770 αλ
283 704 320 771 δὲ
348 710 515 792 στερήσεις
543 709 590 784 εἰς
617 704 686 784 ἕξιν
709 707 934 792 ἄμετάβλητοι.
980 709 1009 774 εἰ
1032 704 1095 774 οὖν

85 811 196 878 έκεῖνο
219 812 472 899 ἀδυνατώτερον
495 812 653 897 γενέσθαι
671 812 819 900 γέγονεν,
837 820 949 902 πολλῷ
967 820 1095 900 μᾶλλον

84 921 125 983 τὸ
153 921 384 1006 δυνατώτερον
412 923 501 985 ἔσται
529 919 584 985 καὶ
610 922 805 1004 μεταβάλλει
832 923 869 986 τὸ
895 922 1095 1007 τεταγμένον

84 1027 136 1103 εἰς
158 1027 195 1091 τὸ
219 1028 360 1092 ἄτακτον
383 1025 437 1091 καὶ
462 1030 551 1092 ἔσται
575 1029 657 1091 κατὰ
679 1028 784 1110 φύσιν
806 1036 905 1092 τοῦτο
933 1028 987 1093 καὶ
1014 1031 1095 1094 κατὰ

84 1134 148 1215 την
165 1141 226 1197 τοῦ
244 1141 329 1198 θεοῦ
348 1134 524 1216 βούλησιν·
548 1132 565 1198 ὁ
585 1134 648 1219 γάρ
667 1133 704 1197 τὸ
725 1132 977 1220 ἀδυνατώτερον
999 1138 1094 1220 ποιη-
1119 1160 1133 1201 ο

84 1257 146 1316 σας
173 1244 301 1323 μᾶλλον
327 1242 458 1323 ποιησει
490 1240 528 1304 τὸ
561 1241 799 1325 δυνατώτερον.
846 1242 875 1305 εί
903 1239 932 1305 δ’
961 1239 1095 1306 ἐναντία

84 1344 176 1410 ταῦτ’
201 1349 291 1411 ἔστιν
314 1348 395 1410 κατὰ
417 1347 477 1410 τὸν
500 1356 567 1410 τῶν
586 1344 747 1410 ἐναντίων
764 1348 880 1430 νόμον,
898 1348 1093 1430 μεταβάλλει

85 1454 151 1537 ἄρα
172 1452 228 1517 καὶ
250 1455 287 1518 τὸ
311 1462 378 1518 πᾶν
401 1454 448 1530 εἰς
470 1454 507 1517 τὸ
532 1452 695 1537 ἐναντίον,
715 1451 747 1529 έξ
767 1447 808 1517 οὗ
827 1451 973 1536 γέγονεν.
1010 1454 1094 1519 ἀλλὰ

84 1560 152 1643 μὴν
174 1561 353 1646 ἄφθαρτον
375 1559 537 1625 δέδεικται
561 1560 598 1624 τὸ
621 1569 695 1624 πᾶν.
733 1559 795 1623 οὐκ
818 1560 881 1644 ἄρα
898 1561 1093 1644 μεταβάλλει

85 1667 133 1742 εἰς
157 1664 311 1731 ἐναντίον
334 1689 373 1731 τι.
419 1667 501 1730 ὥστε
525 1662 605 1730 οὐδὲ
628 1664 775 1748 γέγονεν.
820 1664 893 1730 ὥστ’
918 1666 1030 1732 άίδιον
1054 1668 1091 1732 τὸ
1107 1693 1133 1733 ιο

84 1781 165 1837 τᾶν·
189 1772 230 1837 οὐ
253 1773 316 1857 γάρ
340 1770 505 1856 ἐνδέχεται
529 1772 627 1836 δυοῖν
650 1770 818 1837 ἐναντίοιν
841 1774 955 1837 ὄντοιν
977 1771 1013 1839 ἐκ
1030 1769 1092 1856 μέν

83 1887 144 1942 τοῦ
169 1876 283 1962 ἑτέρου
307 1878 390 1944 ὁδὸν
412 1879 459 1954 εἰς
481 1878 627 1962 θάτερον
650 1873 751 1962 εἶναι,
775 1877 811 1942 έκ
834 1874 871 1942 δὲ
892 1886 953 1943 τοῦ
977 1876 1090 1963 ἑτέρου

85 1985 132 2060 εἰς
159 1985 305 2070 θάτερον
332 1985 376 2068 μὴ
405 1979 505 2067 εἶναι,
534 1979 613 2048 οὐδὲ
640 1987 822 2070 στερήσεως
850 1983 905 2049 καὶ
933 1982 1028 2061 ἕξεως
1056 1983 1092 2049 έκ

84 2086 145 2173 μὲν
172 2101 231 2174 τῆς
257 2093 438 2174 στερήσεως
466 2091 513 2166 εἰς
540 2091 601 2173 τὴν
629 2089 698 2167 ἓξιν
724 2087 866 2174 <είναι>,
900 2089 935 2155 έκ
967 2087 1004 2155 δὲ
1034 2100 1092 2174 τῆς

84 2194 180 2273 ἕξεως
209 2197 257 2273 εἰς
286 2200 347 2280 τὴν
376 2195 530 2281 στέρησιν
557 2199 600 2280 μὴ
629 2193 728 2261 εἶναι·
761 2197 802 2261 οὐ
830 2199 892 2282 γάρ
920 2200 1011 2262 ἔστιν
1038 2197 1095 2262 εἰιί
1105 2222 1131 2264 15

85 2326 186 2368 τινων
216 2303 294 2380 ὁδὸς
324 2303 388 2367 άπὸ
417 2305 601 2388 στερήσεως
628 2305 675 2380 εἰς
703 2301 786 2388 ἕξιν,
822 2314 892 2380 τοῖς
924 2302 953 2368 δ’
987 2301 1088 2392 ἔναυ-λ

85 2413 168 2487 τίοις
200 2413 290 2475 ἔστιν
320 2411 367 2486 είς
395 2410 535 2493 ἄλληλα,
569 2411 720 2495 καθάπερ
748 2410 766 2476 δ
795 2409 832 2475 έν
861 2410 1011 2476 Φαίδωνι
1034 2427 1143 2468 soum,

86 2515 171 2600 λέγει
196 2517 383 2600 Σωκράτης.
421 2513 496 2580 ὥστ’
519 2515 539 2599 ἢ
564 2516 626 2581 οὐκ
649 2520 740 2582 ἔστιν
762 2518 941 2602 ἄφθαρτον
962 2517 1000 2580 τὸ
1023 2526 1091 2581 ττᾶν

85 2620 240 2708 ἢπολλῷ
263 2626 391 2706 μᾶλλον
414 2621 575 2706 ἀγένητον
598 2621 617 2705 ἦ
641 2623 829 2709 ἄφθαρτον,
857 2621 914 2687 εἴτ’
938 2621 1091 2688 ἐναντίον

85 2729 119 2792 τὸ
144 2729 286 2793 ἄτακτον
308 2727 362 2793 καὶ
385 2730 422 2793 τὸ
446 2728 646 2813 τεταγμένον
669 2735 733 2793 είτε
752 2738 812 2795 τοῦ
831 2728 1032 2813 τεταγμένου
1050 2730 1088 2794 τὸ
1102 2756 1129 2796 ω

84 2835 224 2900 ἄτακτον
247 2834 431 2920 στέρησις.”

246 2996 422 3077 Κεφάλαια
443 3003 501 3077 τῆς
524 2995 649 3071 λύσεως
670 3004 731 3059 τοῦ
753 2993 788 3078 η’
812 2997 924 3078 λόγου.

148 3117 191 3184 α’.
207 3117 277 3182 Ὅτι
302 3116 334 3195 ἐξ
358 3118 469 3183 αὐτῶν
492 3128 559 3183 τῶν
581 3126 627 3204 τῷ
652 3121 793 3206 Πρόκλῳ
818 3118 1010 3183 δοκούντων
1032 3117 1087 3184 καὶ

83 3224 226 3309 ἀλλαχοῦ
249 3226 286 3288 τὸ
310 3222 365 3289 καλ
388 3223 535 3289 ἐνταῦθα
557 3223 814 3308 ὡμολογημένον
836 3224 1020 3308 δείκνυται,
1043 3225 1088 3302 ὡς

82 3333 205 3409 ψεῦδός
228 3331 318 3395 ἐστιν
340 3331 377 3394 τὸ
402 3330 480 3395 ‘nav
502 3330 540 3395 τὸ
564 3333 792 3415 φθειρόμενον
818 3333 854 3394 ἔκ
876 3353 968 3408 τινος
990 3331 1087 3397 ἄλλο·
1100 3356 1127 3398 ιε

151 3494 175 3541 3.
196 3488 413 3558 δυνατω[τ]ερον
432 3486 461 3539 Μ
532 3488 680 3558 μεταβαλεῖ
698 3492 808 3553 310,13
884 3493 908 3541 4.
929 3488 1085 3627 ατοιμιῙτον,

82 3574 114 3612 ex
132 3581 157 3628 γ,
177 3559 205 3611 Μ
313 3560 360 3612 καὶ
384 3557 459 3611 ἔσται
482 3559 530 3611 καὶ
553 3557 625 3611 κατὰ
647 3557 803 3626 τὴνφύσιν
822 3562 976 3682 must
996 3579 1012 3613 ν
1031 3576 1084 3613 om

80 3635 140 3698 311,
156 3637 197 3684 26.
219 3632 334 3752 3121?
389 3635 412 3683 8.
433 3629 580 3700 yeyfflvsv,
599 3645 633 3682 ex
652 3646 673 3697 ε,
693 3628 722 3681 Μ
777 3634 818 3682 14.
838 3625 911 3682 εἶναι
930 3646 948 3682 a
968 3630 995 3685 d.

81 3708 121 3755 17.
141 3701 213 3756 Plat.
233 3701 309 3754 Phae
331 3719 374 3754 on.
395 3700 457 3754 7οΕ
472 3717 512 3767 sq.
620 3705 662 3752 21.
682 3701 843 3771 ἄτα[κ]τον,
867 3715 901 3753 ex
919 3721 948 3769 γ,
968 3701 997 3753 Μ

79 3776 121 3827 24.
142 3772 205 3828 fort.
226 3771 346 3841 ἀλλαχοῦ
364 3790 393 3825 τε
412 3772 460 3825 καὶ
479 3769 606 3824 ἐνταῦθα
625 3768 841 3841 ὡμολογημένων
913 3777 947 3824 25
962 3789 1004 3839 sq.
1021 3770 1089 3824 (δή.

78 3843 109 3897 τὸ
132 3851 191 3897 πᾶν
206 3875 241 3883 -
258 3840 441 3910 φθείρεσθαι,
465 3841 499 3896 cs.
524 3847 584 3912 296,
603 3847 628 3897 4.
651 3849 675 3900 ὅ.
700 3843 1109 3914 31111,11.11.1111,1.1οο1.

71 3916 173 3978 (tamen
192 3913 227 3964 οέ,
245 3911 321 3964 infra
340 3912 386 3967 ίολ.
404 3919 484 3969 1921.
506 3934 571 3980 κεφ.
592 3916 638 3992 α’)
