2394 4208
91 522 171 596 vu]
355 521 404 576 DE
423 523 679 579 mamm:
699 525 819 580 mm
1034 527 1097 592 129

90 691 184 770 κέλης
213 697 282 751 τῶν
314 683 407 774 ζῴων
438 710 473 752 τε
504 685 560 751 καὶ
593 698 710 770 φυτῶν
741 689 993 774 ἁιοργανώσεως
1023 690 1094 756 ἀλλ’

92 791 231 859 ἑκάστου
258 795 380 878 μορίου
410 794 471 876 την
501 795 629 858 οἰκείαν
658 794 828 879 αὐτάρκως
855 794 1099 881 ἐκτληροῦντος

90 905 205 987 χρείαν
229 899 284 965 καλ
310 900 445 963 πάντων
471 901 518 976 είς
543 901 604 983 τὴν
628 909 690 965 τοῦ
715 890 808 966 ὅλου
828 906 1099 968 συννενευκότων

88 1010 265 1093 σωτηρίαν.
312 1005 396 1070 ἀλλὰ
426 1005 467 1088 δὴ
499 1005 554 1070 καὶ
584 1008 621 1071 τὸ
653 1006 770 1072 θέλειν
800 1008 860 1072 τὸν
892 1010 1098 1094 δημιουργὸν
1125 1037 1140 1075 ι

87 1125 157 1179 τῶν
178 1122 325 1199 μερικῶν
348 1110 488 1176 ἕκαστον
506 1110 657 1199 λύΙεσθαι
680 1113 797 1198 καὶμὴ
818 1114 930 1179 ἀίδιον
949 1117 1036 1200 ἔχειν
1050 1132 1153 1174 temr-

86 1221 151 1303 τηυ
177 1216 322 1302 ὕπαρξιν
351 1216 407 1282 καί
436 1220 598 1303 πρότερον
628 1220 708 1303 ἡμῖν
737 1219 774 1284 έν
801 1228 847 1307 τῷ
875 1221 1017 1309 τετάρτῳ
1046 1220 1097 1287 δέ·

87 1327 218 1391 ἁεικται
245 1328 347 1412 λόγῳ·
376 1326 405 1389 εί
432 1327 495 1408 γὰρ
517 1326 679 1408 ἠβούλετο
702 1337 770 1390 τῶν
792 1337 937 1411 μερικῶν
959 1326 1099 1393 ἕκαστον

89 1430 178 1499 εἶναι
206 1431 332 1515 ἀίδιον,
360 1425 404 1514 ἣν
431 1430 473 1495 ἀν
499 1431 630 1508 πάντως
653 1431 758 1496 ἀίδια·
782 1432 906 1517 ἀνάγκη
931 1436 994 1518 γὰρ
1017 1435 1099 1500 πάν-

89 1563 155 1617 τως
184 1538 204 1622 ἢ
235 1539 420 1621 βούλεσθαι
450 1539 510 1602 τὸν
540 1538 749 1622 δημιουργὸν
779 1541 914 1624 φθαρτὰ
944 1536 1029 1606 εἶναι
1060 1544 1100 1607 τὰ

90 1647 210 1733 μερικὰ
229 1650 294 1732 ζῷα
316 1643 337 1728 ἣ
360 1645 404 1728 μὴ
427 1645 626 1726 βούλεσθαι·
650 1645 679 1709 εἰ
702 1638 766 1708 οὖν
788 1645 824 1709 τὸ
847 1647 891 1729 μὴ
914 1647 1100 1727 βούλεσθαι
1114 1674 1141 1713 ιο

90 1754 219 1831 ψεῦδος
243 1750 300 1836 (μη
324 1749 534 1834 βουλομένου
558 1752 621 1836 γὰρ
645 1750 729 1814 αὐτὰ
751 1753 888 1835 φθαρτὰ
911 1746 996 1817 εἶναι
1018 1754 1100 1818 πάν-

90 1885 156 1937 τως
189 1857 232 1923 ἀν
264 1861 380 1943 ἔμενεν
412 1855 603 1943 ἀδιάλυτα),
635 1858 672 1922 τὸ
705 1859 769 1943 ἀρα
800 1858 985 1940 βούλεσθαι
1018 1861 1101 1926 αὐτὰ

95 1969 155 2032 τὸν
184 1965 392 2050 δημιουργὸν
420 1966 557 2048 φθαρτὰ
580 1959 666 2028 εἶναι
689 1963 825 2047 ἀληθές·
853 1966 882 2030 εἰ
906 1961 943 2029 δὲ
966 1969 1102 2050 φθαρτὰ

93 2070 179 2140 εἶναι
202 2072 359 2155 βούλεται
381 2073 422 2135 τὰ
444 2072 562 2156 μερικὰ
585 2069 602 2133 ὁ
626 2073 716 2153 θεός,
739 2075 846 2148 καλῶς
869 2067 907 2135 δὲ
929 2072 1101 2158 ἥρμοσται,

92 2182 250 2263 βούλεται
281 2179 345 2262 ἀρα
374 2178 414 2241 τὰ
443 2181 550 2253 καλῶς
580 2175 791 2260 ἁρμοσθέντα
819 2179 921 2242 πάλιν
950 2180 1100 2244 λύεσθαι.
1115 2201 1142 2242 ιι

92 2288 236 2368 οὐκοῦν,
264 2285 309 2361 ὡς
331 2293 402 2360 τοῖς
424 2292 545 2367 σοφοῖς
567 2284 669 2365 δοκεῖ,
692 2282 712 2366 ἢ
736 2283 777 2348 οὐ
800 2289 908 2361 καλῶς
929 2285 1101 2371 ἥρμοσται,

94 2393 175 2478 ὅπερ
204 2393 344 2472 ἄτοκον,
371 2391 407 2472 ἦ,
435 2390 465 2453 εί
489 2393 597 2466 καλῶς
619 2389 795 2474 ἥρμοσται,
818 2388 873 2454 καὶ
896 2393 1102 2458 κακύνεσθαι

93 2501 154 2563 τὸν
178 2496 386 2580 δημιουργὸν
409 2495 520 2560 αὐτῶν
543 2495 668 2579 ἀνάγκη
692 2497 833 2560 λύεσθαι
856 2499 897 2561 τὰ
918 2502 1026 2575 καλῶς
1048 2498 1102 2585 ἁρ-

94 2601 265 2689 μοσθέντα
296 2605 519 2685 βουλόμενον,
551 2607 657 2686 είιτερ,
693 2603 738 2678 ὥς
770 2619 889 2685 φασιν,
925 2604 962 2668 τὸ
995 2608 1103 2683 καλῶς

97 2705 271 2796 ἁρμοσθὲν
293 2707 348 2772 καί
373 2710 450 2792 ἔχον
468 2702 505 2772 εὖ
524 2708 619 2772 λύειν
637 2706 769 2773 ἐθέλειν
787 2718 899 2774 κακοῦ.
941 2706 1043 2775 οὐδὲν
1065 2707 1103 2775 δέ
1116 2733 1144 2773 το

94 2813 195 2900 ἦττον
226 2815 246 2898 ἡ
277 2814 359 2897 αὐτη
390 2813 509 2879 ἀτοπία
541 2814 728 2878 δεικνύοιτο
760 2815 816 2897 ἀν,
846 2814 900 2880 καί
929 2817 959 2880 εί
980 2818 1024 2900 μὴ
1049 2815 1102 2881 ἐπὶ

97 2932 157 2988 τοῦ
186 2923 320 3006 πρώτου
354 2922 560 3006 δημιουργοῦ
590 2918 659 2984 κατ’
695 2919 816 2997 αὐτοὺς
846 2919 915 2985 ἀλλ’
950 2921 1003 2986 έτλ
1036 2933 1103 2988 τῶν

96 3028 165 3094 κατ’
203 3027 350 3113 οὐρανὸν
381 3033 474 3091 θεῶν
497 3027 655 3110 γυμνάζοι
688 3048 738 3102 τις
769 3027 830 3091 τὸν
859 3031 975 3110 λόγον,
1005 3020 1056 3106 οἷς
1083 3028 1102 3094 ἁ

97 3147 226 3222 πρῶτος
248 3130 427 3218 προσέταξε
449 3133 653 3216 δημιουργὸς
675 3129 856 3216 τρέπεσθαι
880 3132 934 3197 ἐπὶ
952 3136 1013 3218 την
1035 3145 1103 3199 τῶν

98 3248 233 3326 θνητῶν
260 3237 352 3326 ζῴων
380 3240 614 3325 δημιουργίαν·
642 3238 767 3321 ἀνάγκη
797 3241 859 3323 γὰρ
882 3249 971 3305 πᾶσα
994 3239 1102 3305 κάκεί-
1115 3262 1144 3305 τε

99 3372 179 3425 νους
200 3348 262 3430 τὴν
285 3344 417 3428 γένεσιν
439 3344 494 3411 καί
516 3348 577 3430 την
600 3346 738 3431 φθορὰν
760 3344 997 3430 ἐργαζομένους
1019 3345 1039 3429 ἢ
1058 3348 1102 3431 μὴ

100 3459 204 3531 καλῶς
232 3452 386 3537 ἁρμόζειν
412 3452 432 3535 ἣ
463 3453 668 3518 κακύνεσθαι
695 3453 735 3516 τὰ
762 3456 869 3529 καλῶς
892 3450 1104 3538 ἁρμοσθέντα

169 3723 194 3771 6.
217 3733 281 3787 pag.
303 3721 397 3783 79,16
419 3760 422 3766 .
524 3721 565 3770 17.
590 3712 658 3782 ὅπερ
674 3747 706 3754 -
721 3712 855 3783 ἥρμοσται
878 3714 908 3769 in
930 3732 1017 3786 marg.
1038 3715 1102 3770 add.

103 3793 160 3841 1112
179 3788 208 3842 Μ
285 3792 327 3841 21.
347 3805 370 3840 ει
390 3802 424 3841 ex
442 3808 459 3855 η
478 3787 508 3841 Μ
585 3785 872 3861 24.n00mafi[e1M
941 3785 1120 3843 mmm

103 3892 160 3945 410
224 3898 264 3944 27,
287 3852 318 3955 ,εί
337 3897 518 3962 κακννεσθαι,
539 3893 600 3966 im
617 3903 641 3968 2,
657 3898 690 3956 M

129 3984 237 4023 Ioum
247 3983 405 4029 Pmomva
418 3991 454 4034 τά
468 3993 557 4040 Baba.
956 4002 976 4055 9
