2394 4208
10 35 840 340 m

495 400 499 413 .

53 535 118 589 XVI
132 535 161 606 3]
318 534 366 588 DE
385 534 643 610 AETERNITATE
661 532 784 589 MVNDI
998 533 1064 598 573

54 699 162 762 πάντα
185 698 226 762 οὐ
248 700 355 782 μόνον
377 700 416 763 τὰ
438 701 589 763 καθόλου
613 697 696 764 ἀλλὰ
717 697 772 763 καί
791 699 831 763 τὰ
849 695 925 762 καθ’
944 696 1065 763 ἕκαστα

55 804 110 870 καὶ
133 806 173 868 τὰ
196 804 387 887 ότομώπατα
408 802 469 890 (ὡς
485 803 541 870 καὶ
558 814 657 870 τοῦτο
676 805 778 869 πάλιν
796 804 900 870 αὐτὸν
917 807 1065 888 παρεθή-

55 934 159 994 καμεν
186 908 354 997 λέγοντα),
382 920 484 976 ταῦτα
512 907 549 976 δὲ
575 913 713 997 μεριστά
738 911 777 976 τί
802 911 893 977 ἐστιν
919 910 974 976 καὶ
1002 910 1065 975 οὐκ

56 1017 149 1082 ἀίδια
177 1017 259 1081 ἀλλὰ
286 1014 365 1082 ποτὲ
392 1015 453 1101 μὲν
480 1020 560 1083 όντα
586 1013 666 1082 ποτε
693 1014 730 1082 δὲ
758 1016 820 1081 οὐκ
848 1019 943 1100 ὄντα,
966 1015 1064 1101 καὶὴ

54 1133 116 1188 τοῦ
145 1131 230 1189 θεοῦ
258 1125 322 1210 ἄρα
347 1122 423 1208 περὶ
450 1135 517 1189 τῶν
545 1125 653 1189 όντων
680 1135 803 1207 γνῶσις
831 1122 894 1201 ἕξει
922 1125 959 1188 τὸ
982 1125 1064 1209 πρό-
1091 1146 1105 1188 ⁵

55 1233 156 1316 τερόν
183 1253 218 1294 τε
245 1229 299 1294 καὶ
328 1231 364 1294 τὸ
388 1231 530 1314 ὕστερον
552 1229 606 1295 καὶ
628 1232 667 1294 τὸ
690 1227 769 1295 ποτε
792 1227 854 1314 μὲν
876 1226 962 1295 εἶναι
985 1225 1064 1295 ποτε

57 1333 95 1400 δὲ
118 1338 162 1420 μὴ
187 1332 272 1401 εἶναι
295 1336 406 1402 καὶτὸ
425 1337 490 1402 ὑπὸ
510 1340 633 1423 χρόνον
652 1333 737 1402 εἶναι
756 1336 811 1402 καὶ
830 1336 892 1421 οὐχ
911 1335 1066 1414 ἑνοειόῶς

57 1441 137 1508 οὐδὲ
161 1442 365 1520 ἆὸιαστοίτοις
387 1443 470 1508 ἀλλὰ
492 1443 777 1529 πεπληθυσμένως
804 1442 859 1509 καὶ
883 1445 1066 1520 όιαστατῶς

55 1561 125 1614 τῶν
157 1549 233 1614 καθ’
266 1549 405 1615 ἕκαστον
441 1550 662 1635 ἀντιλήψεται.
715 1549 771 1615 καλ
803 1550 823 1634 ἡ
856 1552 997 1635 πρόνοια
1028 1546 1065 1615 δὲ

57 1658 159 1721 πάλιν
188 1657 343 1734 ὡσαύτως
372 1660 674 1742 συμμερισθόσεται
703 1668 774 1733 τοῖς
803 1655 1067 1742 προνοουμένοις
1080 1680 1107 1721 ιο

57 1761 114 1827 καί
147 1763 208 1848 οὐχ
241 1761 389 1847 ἑνοειὸὴς
418 1763 501 1829 ἀλλὰ
528 1763 787 1848 πεπληθυσμένη
819 1767 925 1847 ἔσται,
956 1764 1065 1847 ὥσπερ

59 1869 179 1953 ἐκεῖνα,
202 1868 257 1934 καὶ
280 1871 317 1935 τὸ
337 1870 374 1934 ἐν
391 1873 501 1959 χρόνῳ
519 1873 683 1957 πρότερον
701 1869 766 1948 ἔξει
785 1869 840 1936 καί
859 1871 896 1935 τὸ
915 1870 1066 1956 ὕστερον,

60 1977 105 2052 ὡς
127 1974 181 2040 καὶ
206 1975 323 2043 ἐκεῖνα.
368 1977 527 2042 ἀθεπείτω
550 1972 654 2043 οὖνὸ
678 1980 866 2061 φιλόσοφος
884 1987 951 2042 τῶν
971 1977 1067 2041 ἰδίων

60 2081 282 2166 ἄποφόνσεων
296 2083 459 2167 ὁποτέραν
471 2086 640 2167 βούλεται·
664 2084 704 2149 οὐ
720 2087 782 2169 γὰρ
798 2085 945 2149 δυνατὸν
959 2082 1067 2167 ἄμφο-

59 2188 155 2273 τέρας
184 2191 221 2254 πὸ
252 2187 375 2273 ἀληθὲς
405 2194 507 2275 ἔχειν,
537 2189 621 2274 λέγω
649 2190 690 2274 δὴ
718 2193 819 2256 τότε
848 2189 1002 2266 ἑνοειόῶς
1029 2190 1066 2255 τὸ
1080 2213 1107 2254 ιι

59 2307 193 2381 πρῶτον
221 2302 329 2360 αίτιον
356 2296 411 2361 καὶ
439 2297 646 2381 ἀμεταβότοις
673 2296 728 2362 καὶ
759 2299 842 2363 αὐτὰ
871 2299 910 2362 τὰ
940 2296 1066 2380 ἀνομώ-

60 2426 140 2466 τατα
163 2401 218 2466 καὶ
241 2400 319 2467 ποτὶ
342 2400 403 2486 μὲν
425 2405 506 2468 όντα
527 2401 606 2469 ποτε
630 2400 667 2468 δὲ
689 2405 733 2488 μὴ
753 2406 834 2469 όντα
852 2404 1014 2489 παράγειν
1031 2425 1066 2467 τε

60 2509 115 2574 καί
148 2511 323 2592 γινώσκειν
354 2509 409 2575 καὶ
439 2520 599 2594 προνοεῖν
630 2507 763 2596 αὐΙτῶν,
796 2511 841 2586 ὡς
873 2510 909 2575 ἐν
939 2519 986 2596 τῷ
1009 2526 1120 2568 10¹·289r·

59 2614 136 2699 περὶ
158 2620 318 2700 προνοίας
340 2619 429 2703 λόγῳ
448 2618 699 2701 πεθεολόγηκεν,
716 2615 771 2680 καὶ
789 2620 841 2698 τό,
862 2618 891 2681 εί
909 2614 987 2682 ποτὲ
1006 2614 1068 2700 μὲν

61 2729 109 2804 εἴη
135 2722 153 2787 ὁ
176 2726 299 2806 κόσμος
321 2720 400 2788 ποτὶ
424 2720 460 2787 δὲ
483 2725 526 2807 μὴ
550 2729 616 2806 εἴη,
636 2722 691 2788 καί
715 2725 776 2806 τὴν
798 2722 874 2807 περὶ
897 2732 957 2788 τοῦ
981 2719 1066 2788 εἶναι
1081 2750 1108 2789 ιο

61 2829 165 2893 αὐτὸν
177 2839 238 2894 τοῦ
248 2837 332 2894 θεοῦ
342 2831 505 2912 βούλησιν
517 2826 596 2895 ποτὲ
609 2826 672 2913 μὲν
685 2826 770 2895 εἶναι
784 2826 863 2895 ποτὲ
878 2826 914 2895 δὲ
928 2832 971 2914 μὴ
982 2826 1067 2895 εἶναι

62 2933 121 3019 (ὡς
145 2934 291 3000 ἐνταῦθά
313 2934 432 3020 φησιν)
455 2935 510 3001 καὶ
533 2937 589 3000 διὰ
610 2944 709 3000 τοῦτο
733 2937 770 3000 τὸ
794 2939 958 3022 πρότερον
980 2940 1069 3021 ἔχειν

61 3040 116 3105 καὶ
140 3043 177 3105 τὸ
196 3042 348 3126 ὕστερον·
372 3040 441 3106 ἀλλ’
461 3048 551 3128 είπερ
571 3040 608 3106 ἐν
625 3049 671 3129 τῷ
690 3040 766 3125 περὶ
783 3046 944 3128 προνοίας
963 3043 1067 3107 αὐτοῦ

61 3150 150 3234 λόγῳ
181 3150 227 3225 είς
257 3148 340 3213 αὐτὰ
366 3151 453 3232 μόνα
479 3150 519 3213 τὰ
544 3149 718 3234 πράγματα
744 3147 876 3231 βλέπων
903 3152 984 3215 κατὰ
1010 3151 1069 3226 τὰς

62 3253 168 3338 ὀρθὰς
194 3254 270 3339 περὶ
295 3262 379 3320 θεοῦ
404 3255 535 3333 ἐννοίας
558 3254 667 3320 ἐκεῖνα
688 3260 796 3332 καλῶς
818 3259 1068 3340 τεθεολόγηκεν,
1082 3280 1110 3321 ιε

62 3359 244 3444 ἀθετητέον
274 3362 315 3425 τὰ
346 3363 484 3446 δεύτερα
516 3364 787 3448 φιλονεικότερον
821 3362 909 3450 αὐτῷ
941 3366 1069 3446 μᾶλλον

62 3466 117 3531 καὶ
141 3466 181 3531 οὐ
205 3469 287 3550 πρὸς
311 3467 473 3551 ἀλήθειαν
496 3467 659 3553 εἰρημένα
696 3470 726 3533 εί
749 3463 812 3533 οὖν
831 3468 940 3534 ἐκεῖνα
959 3469 1067 3553 ἀληθῆ

62 3573 117 3638 καὶ
148 3575 184 3637 τὸ
215 3585 282 3638 τῶν
312 3577 420 3640 όντων
448 3576 581 3640 πάντων
611 3581 719 3639 αίτιον
749 3575 786 3640 ἐν
815 3584 860 3662 τῷ
889 3574 939 3641 ἑνὶ
965 3575 1069 3660 μόνον

63 3680 267 3763 ἀμετόβατόν
294 3705 328 3745 τε
356 3683 422 3764 ἅμα
448 3681 503 3746 καὶ
527 3682 717 3768 ἀδιαίρετον
739 3681 793 3747 καὶ
816 3684 857 3747 τὰ
879 3681 1070 3766 ἀπονώτατα

133 3913 172 3960 28.
193 3906 234 3962 ἑνὶ
249 3908 298 3978 pt]
315 3905 347 3962 ἓν
363 3909 396 3962 Μ
