2394 4208
48 35 834 341 -ὲ

48 572 96 629 vll
112 573 159 646 10]
305 572 354 627 DE
372 572 631 629 AETEBNITATE
649 572 770 629 mm
972 572 1049 639 ’265

108 733 145 802 ι’.
172 736 216 801 El
244 735 284 802 δέ
307 759 358 814 τις
385 735 440 802 καὶ
463 740 596 820 κίνησιν
617 737 679 820 τὴν
700 734 778 803 καθ’
801 734 876 815 ἕξιν
896 745 965 801 τῶν
986 753 1049 803 σω·

48 842 155 909 ιάτων
178 844 263 927 ζωὴν
286 846 532 930 συγχωρήσειεν
553 841 574 927 ῆ
598 839 684 908 εἶναι
706 842 726 927 ῆ
750 843 917 928 λέγεσθαι,
941 844 985 921 ὡς
1002 850 1049 933 τῷ

48 951 183 1037 Πρόκλω
208 951 314 1034 δοκεῖ,
338 952 429 1017 ἐστιν
451 951 511 1015 τὸν
533 952 637 1034 λόγον
660 952 794 1015 άνωθεν
823 949 1050 1034 ἀναλαβόντας

48 1054 152 1133 ἐπλῶς
180 1056 295 1139 εἰπεῖν,
325 1057 370 1134 ὡς
393 1054 465 1121 οὐδ’
489 1056 574 1134 ὅλως
596 1066 654 1140 τῆς
676 1057 830 1140 τοιαύτης
851 1067 919 1121 τῶν
942 1056 1049 1141 σωμά-

48 1186 106 1228 των
129 1166 211 1246 ζωῆς
234 1163 311 1227 οὔτε
333 1173 391 1246 τῆς
412 1161 490 1228 καθ’
513 1161 587 1240 ἕξιν
610 1163 686 1227 οὔτε
708 1172 766 1246 τῆς
788 1160 857 1227 κατ’
881 1162 1050 1249 ἐνέργειαν
1076 1191 1089 1232 ε

48 1268 55 1353 j
80 1269 201 1353 λογικῆ
224 1269 313 1354 ψυχὴ
337 1279 407 1347 τολς
430 1271 580 1354 σώμασιν
603 1270 691 1334 αἰτία
714 1263 798 1335 οὖσα
821 1274 988 1354 φαίνεται·
1003 1271 1050 1360 ,εἰ

48 1378 102 1462 αὶρ
135 1373 169 1452 έξ
199 1376 300 1459 αὐτῆς
330 1375 448 1460 ἐφοίτα
474 1385 545 1453 τοῖς
573 1376 722 1460 σώμασιν
749 1374 769 1458 ἡ
798 1381 953 1459 αἴσθησις
979 1375 1000 1460 ῆ
1027 1376 1048 1459 ἡ

48 1486 168 1565 ένησις
195 1479 214 1564 ἣ
244 1483 325 1565 άλλη
353 1505 403 1559 τις
430 1493 498 1547 τῶν
525 1482 563 1546 έν
589 1491 659 1558 τοῖς
686 1483 836 1565 σώμασιν
863 1479 1049 1568 ένθεωρου-

48 1588 150 1655 ’,ένων
182 1591 326 1666 ζωτικῶν
356 1589 531 1672 δυνάμεων
558 1587 579 1671 ῆ
608 1586 798 1674 ἐνεργειῶν,
829 1585 907 1652 καθ’
940 1586 978 1666 ἃς
1009 1589 1049 1654 τά

48 1698 173 1781 ’ῶματα
197 1698 254 1778 ζῆν
276 1694 417 1779 λέγεται,
441 1691 542 1760 οὐδέν
564 1693 607 1759 ἂν
626 1697 677 1778 ἐζη
697 1698 832 1778 λογικῆς
849 1694 893 1778 μῆ
912 1693 1050 1779 μετέχον
1063 1723 1089 1764 ιο

48 1803 170 1878 όσίας·
193 1810 259 1866 νῦν
282 1797 319 1867 δὲ
340 1801 395 1867 καὶ
419 1803 459 1866 τὰ
483 1803 588 1885 άλογα
608 1812 676 1866 τῶν
694 1799 786 1889 ζῴων
803 1805 938 1885 λογικῆς
955 1799 1049 1885 ἀμοι-

48 1918 166 1976 οῦντα
192 1917 300 1992 ψυχῆς
326 1918 443 1974 πασῶν
470 1919 538 1973 τῶν
566 1908 748 1994 εἰρημένων
776 1905 868 1996 ζῴων
890 1905 945 1971 καὶ
967 1904 1044 1972 καθ’

48 2014 113 2095 Ειν
135 2012 192 2078 καὶ
214 2012 283 2079 κατ’
307 2013 477 2101 ἐνέργειαν
499 2013 675 2099 μετέχοντα
698 2017 862 2099 φαίνεται,
884 2014 990 2078 πολλά
1013 2009 1050 2079 δὲ

48 2120 88 2189 αὶ
121 2120 342 2206 τρανέστερόν
371 2143 406 2185 τε
436 2119 491 2185 καὶ
524 2120 759 2207 ἀκριβέστερον
790 2120 987 2186 αἰσθάνεται’
1015 2142 1050 2184 τε

48 2228 87 2295 αὶ
119 2236 189 2291 τῶν
216 2227 326 2291 ἄλλων
353 2237 411 2310 τῆς
438 2237 546 2312 ψυχῆς
567 2226 692 2312 μετέχει
717 2227 900 2311 δυνάμεων.
946 2227 1050 2310 δῆλον
1062 2252 1088 2295 ιε

48 2331 111 2417 ὗν,
141 2332 192 2397 ὅτι
220 2333 261 2397 οὐ
287 2334 376 2417 παρά
403 2343 461 2417 τῆς
487 2338 623 2417 λογικῆς
650 2344 718 2397 τῶν
744 2343 861 2418 ψυχῶν
891 2332 1007 2410 οὐσίας
1029 2332 1049 2416 ἡ

48 2439 175 2522 οιαύτη
209 2440 271 2523 ζωῆ
303 2448 375 2516 τοῖς
407 2441 557 2524 σώμασιν
589 2438 779 2523 ἐπιγίνεται.
823 2435 1050 2505 τοσοῦτονδέ

49 2551 146 2614 όνον
177 2546 266 2631 παρά
297 2554 355 2629 τῆς
387 2549 522 2629 λογικῆς
554 2556 662 2631 ψυχῆς
694 2544 809 2630 ἐφῆκει
840 2555 912 2622 τοῖς
949 2545 1050 2630 αὐτῆς

48 2651 212 2737 ετέχουσι
243 2652 280 2716 τὸ
313 2653 375 2735 τὴν
408 2654 533 2735 άλογον
564 2651 620 2717 ὑπ’
649 2652 750 2736 αὐτῆς
782 2652 866 2736 ζωὴν
887 2648 1049 2739 Ῐρυθμίζε-

48 2763 125 2828 θαί
154 2780 189 2822 τε
212 2757 266 2823 καὶ
289 2758 467 2823 τάττεσθαι
492 2757 547 2823 καὶ
570 2761 669 2823 τοῦτό
693 2757 784 2824 ἐστιν
807 2759 869 2841 ζωὴ
893 2758 1007 2841 λογικὴ
1031 2757 1092 2841 ἡιο

48 2879 106 2934 ῶν
140 2871 336 2948 παθητικῶν
358 2863 544 2952 [δυνάμεων
575 2874 633 2949 τῆς
664 2863 790 2949 ἀλόγου
825 2874 933 2949 ψυχῆς
968 2865 1051 2930 κατὰ

48 2976 143 3058 όγον
177 2971 332 3048 εὔτακτος
363 2974 510 3054 κίνησις·
551 2970 606 3036 καὶ
639 2973 748 3057 ὥσπερ
782 2969 835 3035 ἐπὶ
867 2969 1051 3057 ξυνωρίδος

48 3101 161 3160 τπων,
178 3077 222 3160 ῆν
245 3078 285 3160 δὴ
309 3076 364 3142 καὶ
385 3079 529 3143 Πλάτων
553 3079 667 3143 εἰκόνα
688 3087 746 3161 τῆς
768 3076 926 3163 ἡμετέρας
943 3087 1051 3162 ψυχῆς

48 3183 234 3271 παρέλαβεν,
253 3192 312 3248 τοῦ
331 3181 393 3269 μὲν
411 3184 523 3262 ἁπλῶς
541 3186 578 3250 τὸ
598 3196 691 3269 σῶμα
712 3190 881 3249 κινεῖσθαι
900 3184 932 3248 οἱ
955 3184 1050 3249 ἵπποι

48 3290 125 3359 ἰσὶν
154 3296 268 3373 αἴτιοι,
296 3299 354 3374 τῆς
377 3287 415 3355 δὲ
437 3300 588 3376 τεχνικῆς
610 3288 665 3355 καὶ
690 3289 865 3376 εὐρύθμου
890 3292 1051 3373 κινήσεως
1064 3313 1090 3357 νε

48 3427 52 3456 ι
82 3396 274 3481 ἐφεστηκὼς
295 3397 444 3482 ἡνίοχος,
476 3397 562 3463 οὕτω
588 3398 695 3481 δήπου
719 3394 773 3460 καὶ
798 3394 850 3480 ἐφ’
874 3395 968 3480 ἡμῶν
990 3404 1051 3461 τοῦ

48 3502 100 3571 ιὲν
138 3501 250 3579 ἁπλῶς
286 3505 343 3585 ζῆν
379 3503 419 3567 τά
449 3502 590 3589 ἡμέτερα
622 3504 755 3587 σώματα
786 3500 807 3584 ἡ
840 3498 971 3589 άῆλογος
996 3518 1106 3560 ronow.

48 3611 129 3696 γυχῆ
158 3610 247 3674 αἰτία
274 3607 488 3693 καθέστηκεν,
515 3619 573 3693 τῆς
595 3608 709 3694 μέντοι
732 3605 853 3685 τάξεως
875 3606 931 3672 καὶ
955 3607 1050 3693 έμμε-

110 3808 134 3857 8.
156 3801 239 3872 [τοῙις
257 3800 287 3855 M
377 3807 417 3855 12.
437 3803 526 3866 ζωιων
543 3800 574 3856 Μ
580 3822 587 3869 ;
613 3803 664 3856 aut
683 3798 738 3858 dex.
758 3802 811 3857 auk
827 3803 953 3869 ζωτικῶν
973 3799 1065 3855 δυνά·

48 3890 112 3926 νων
135 3871 178 3923 τε]
198 3869 346 3937 ἐνεργειῶν
362 3870 445 3927 sen'b.
470 3876 561 3945 (ζωῶν
579 3873 673 3951 Kroll)
787 3870 1086 3937 ‘lfflhssmhm

48 3941 104 3990 m
118 3956 158 4003 εη.
254 3944 296 3992 24.
317 3941 379 4012 vlo]
394 3942 429 3996 M
