<?xml version="1.0" encoding="UTF-8"?>
<!DOCTYPE html PUBLIC "-//W3C//DTD XHTML 1.0 Transitional//EN"
    "http://www.w3.org/TR/xhtml1/DTD/xhtml1-transitional.dtd">
<html xmlns="http://www.w3.org/1999/xhtml" xml:lang="en" lang="en">
 <head>
  <title>
</title>
<meta http-equiv="Content-Type" content="text/html;charset=utf-8" />
  <meta name='ocr-system' content='tesseract 3.04.00' />
  <meta name='ocr-capabilities' content='ocr_page ocr_carea ocr_par ocr_line ocrx_word'/>
</head>
<body>
  <div class='ocr_page' id='page_1' title='image "./ioannesphilopon00philgoog_0248.png"; bbox 0 0 2394 4208; ppageno 0'>
   <div class='ocr_carea' id='block_1_1' title="bbox 10 29 840 363">
    <p class='ocr_par' dir='ltr' id='par_1_1' title="bbox 10 29 840 363">
     <span class='ocr_line' id='line_1_1' title="bbox 10 29 840 363; baseline -0.007 0"><span class='ocrx_word' id='word_1_1' title='bbox 10 29 840 363; x_wconf 81' lang='grc'>-</span> 
     </span>
     <span class='ocr_line' id='line_1_2' title="bbox 778 150 801 199; baseline 0 -28"><span class='ocrx_word' id='word_1_2' title='bbox 778 150 801 199; x_wconf 73' lang='grc'><strong><em>,.</em></strong></span> 
     </span>
    </p>
   </div>
   <div class='ocr_carea' id='block_1_2' title="bbox 56 578 1069 654">
    <p class='ocr_par' dir='ltr' id='par_1_2' title="bbox 56 578 1069 654">
     <span class='ocr_line' id='line_1_3' title="bbox 56 578 1069 654; baseline 0.002 -20"><span class='ocrx_word' id='word_1_3' title='bbox 56 578 100 634; x_wconf 85' lang='lat' dir='ltr'><strong><em>v1</em></strong></span> <span class='ocrx_word' id='word_1_4' title='bbox 114 580 162 654; x_wconf 77' lang='grc' dir='ltr'><strong><em>το]</em></strong></span> <span class='ocrx_word' id='word_1_5' title='bbox 322 579 374 635; x_wconf 76' lang='grc' dir='ltr'><strong><em>οε</em></strong></span> <span class='ocrx_word' id='word_1_6' title='bbox 393 578 651 636; x_wconf 65' lang='lat' dir='ltr'><strong><em>mmmm</em></strong></span> <span class='ocrx_word' id='word_1_7' title='bbox 670 578 792 636; x_wconf 71' lang='lat' dir='ltr'><strong>Mvnm</strong></span> <span class='ocrx_word' id='word_1_8' title='bbox 1003 581 1069 648; x_wconf 80' lang='lat'><strong><em>233</em></strong></span> 
     </span>
    </p>
   </div>
   <div class='ocr_carea' id='block_1_3' title="bbox 57 734 1109 1256">
    <p class='ocr_par' dir='ltr' id='par_1_3' title="bbox 57 734 1109 1256">
     <span class='ocr_line' id='line_1_4' title="bbox 57 734 1070 832; baseline 0.003 -24"><span class='ocrx_word' id='word_1_9' title='bbox 57 746 260 831; x_wconf 76' lang='grc' dir='ltr'><strong><em>Δημοκρίτῳ</em></strong></span> <span class='ocrx_word' id='word_1_10' title='bbox 284 741 339 808; x_wconf 81' lang='grc' dir='ltr'><strong><em>καὶ</em></strong></span> <span class='ocrx_word' id='word_1_11' title='bbox 363 741 487 829; x_wconf 83' lang='grc' dir='ltr'><strong><em>ἑτέροις</em></strong></span> <span class='ocrx_word' id='word_1_12' title='bbox 509 741 633 828; x_wconf 78' lang='grc' dir='ltr'><strong><em>ἔδοξεν,</em></strong></span> <span class='ocrx_word' id='word_1_13' title='bbox 655 734 808 822; x_wconf 82' lang='grc' dir='ltr'><strong><em>πλείονες</em></strong></span> <span class='ocrx_word' id='word_1_14' title='bbox 824 745 845 830; x_wconf 73' lang='grc' dir='ltr'><strong>ἦ</strong></span> <span class='ocrx_word' id='word_1_15' title='bbox 864 743 920 810; x_wconf 78' lang='grc' dir='ltr'><strong><em>καὶ</em></strong></span> <span class='ocrx_word' id='word_1_16' title='bbox 939 746 1070 832; x_wconf 76' lang='grc' dir='ltr'><strong><em>ἄπειροι</em></strong></span> 
     </span>
     <span class='ocr_line' id='line_1_5' title="bbox 58 844 1069 939; baseline 0.003 -25"><span class='ocrx_word' id='word_1_17' title='bbox 58 844 130 914; x_wconf 80' lang='grc' dir='ltr'><strong><em>εἶεν</em></strong></span> <span class='ocrx_word' id='word_1_18' title='bbox 155 851 276 933; x_wconf 89' lang='grc' dir='ltr'><strong><em>κόσμοι</em></strong></span> <span class='ocrx_word' id='word_1_19' title='bbox 304 847 349 936; x_wconf 81' lang='grc' dir='ltr'><strong><em>(εἰ</em></strong></span> <span class='ocrx_word' id='word_1_20' title='bbox 378 851 440 935; x_wconf 78' lang='grc' dir='ltr'><strong><em>γὰρ</em></strong></span> <span class='ocrx_word' id='word_1_21' title='bbox 464 849 483 915; x_wconf 86' lang='grc' dir='ltr'><strong><em>ὑ</em></strong></span> <span class='ocrx_word' id='word_1_22' title='bbox 506 853 629 934; x_wconf 88' lang='grc' dir='ltr'><strong><em>κόσμος</em></strong></span> <span class='ocrx_word' id='word_1_23' title='bbox 653 854 737 939; x_wconf 76' lang='grc' dir='ltr'><strong><em>ζῷόν</em></strong></span> <span class='ocrx_word' id='word_1_24' title='bbox 761 851 852 918; x_wconf 91' lang='grc' dir='ltr'><strong><em>ἐστιν</em></strong></span> <span class='ocrx_word' id='word_1_25' title='bbox 874 853 956 934; x_wconf 70' lang='grc' dir='ltr'><strong><em>κατᾲ</em></strong></span> <span class='ocrx_word' id='word_1_26' title='bbox 979 853 1069 917; x_wconf 85' lang='grc' dir='ltr'><strong><em>Πλά·</em></strong></span> 
     </span>
     <span class='ocr_line' id='line_1_6' title="bbox 57 954 1070 1043; baseline 0.004 -23"><span class='ocrx_word' id='word_1_27' title='bbox 57 979 150 1020; x_wconf 85' lang='grc' dir='ltr'><strong><em>τωνα</em></strong></span> <span class='ocrx_word' id='word_1_28' title='bbox 172 955 208 1020; x_wconf 95' lang='grc' dir='ltr'><strong><em>ἐκ</em></strong></span> <span class='ocrx_word' id='word_1_29' title='bbox 230 966 298 1020; x_wconf 84' lang='grc' dir='ltr'><strong><em>τῶν</em></strong></span> <span class='ocrx_word' id='word_1_30' title='bbox 320 957 490 1042; x_wconf 79' lang='grc' dir='ltr'><strong><em>τεσσάρων</em></strong></span> <span class='ocrx_word' id='word_1_31' title='bbox 512 957 672 1034; x_wconf 89' lang='grc' dir='ltr'><strong><em>συνεστὸς</em></strong></span> <span class='ocrx_word' id='word_1_32' title='bbox 694 962 878 1043; x_wconf 81' lang='grc' dir='ltr'><strong><em>στοιχείων,</em></strong></span> <span class='ocrx_word' id='word_1_33' title='bbox 908 954 1010 1023; x_wconf 73' lang='grc' dir='ltr'><strong><em>οὐδὲν</em></strong></span> <span class='ocrx_word' id='word_1_34' title='bbox 1032 955 1070 1024; x_wconf 73' lang='grc' dir='ltr'><strong><em>δὲ</em></strong></span> 
     </span>
     <span class='ocr_line' id='line_1_7' title="bbox 58 1058 1065 1151; baseline 0.004 -25"><span class='ocrx_word' id='word_1_35' title='bbox 58 1058 188 1139; x_wconf 80' lang='grc' dir='ltr'><strong><em>ἔξωθεν</em></strong></span> <span class='ocrx_word' id='word_1_36' title='bbox 210 1071 271 1127; x_wconf 88' lang='grc' dir='ltr'><strong><em>τοῦ</em></strong></span> <span class='ocrx_word' id='word_1_37' title='bbox 294 1064 422 1147; x_wconf 90' lang='grc' dir='ltr'><strong><em>κόσμου</em></strong></span> <span class='ocrx_word' id='word_1_38' title='bbox 445 1062 634 1146; x_wconf 72' lang='grc' dir='ltr'><strong><em>ὑπελείφθη</em></strong></span> <span class='ocrx_word' id='word_1_39' title='bbox 658 1068 825 1148; x_wconf 79' lang='grc' dir='ltr'><strong><em>στοιχείου</em></strong></span> <span class='ocrx_word' id='word_1_40' title='bbox 848 1063 962 1151; x_wconf 82' lang='grc' dir='ltr'><strong><em>μέρος,</em></strong></span> <span class='ocrx_word' id='word_1_41' title='bbox 992 1062 1065 1130; x_wconf 76' lang='grc' dir='ltr'><strong><em>οὐδ’</em></strong></span> 
     </span>
     <span class='ocr_line' id='line_1_8' title="bbox 58 1163 1109 1256; baseline 0.007 -25"><span class='ocrx_word' id='word_1_42' title='bbox 58 1163 147 1232; x_wconf 80' lang='grc' dir='ltr'><strong><em>εἶναι</em></strong></span> <span class='ocrx_word' id='word_1_43' title='bbox 174 1169 238 1253; x_wconf 75' lang='grc' dir='ltr'><strong><em>ἄρα</em></strong></span> <span class='ocrx_word' id='word_1_44' title='bbox 265 1167 380 1253; x_wconf 81' lang='grc' dir='ltr'><strong><em>ἕτερον</em></strong></span> <span class='ocrx_word' id='word_1_45' title='bbox 407 1171 534 1253; x_wconf 84' lang='grc' dir='ltr'><strong><em>κόσμον</em></strong></span> <span class='ocrx_word' id='word_1_46' title='bbox 561 1168 726 1254; x_wconf 78' lang='grc' dir='ltr'><strong><em>ἐνδέχεται</em></strong></span> <span class='ocrx_word' id='word_1_47' title='bbox 754 1181 822 1235; x_wconf 81' lang='grc' dir='ltr'><strong><em>τῶν</em></strong></span> <span class='ocrx_word' id='word_1_48' title='bbox 848 1181 1069 1256; x_wconf 82' lang='grc' dir='ltr'><strong><em>κοσμουργῶν</em></strong></span> <span class='ocrx_word' id='word_1_49' title='bbox 1095 1196 1109 1239; x_wconf 84' lang='grc' dir='ltr'><strong><em>ε</em></strong></span> 
     </span>
    </p>
   </div>
   <div class='ocr_carea' id='block_1_4' title="bbox 56 1273 1126 3804">
    <p class='ocr_par' dir='ltr' id='par_1_4' title="bbox 56 1273 1126 3804">
     <span class='ocr_line' id='line_1_9' title="bbox 58 1273 1070 1365; baseline 0.003 -25"><span class='ocrx_word' id='word_1_50' title='bbox 58 1277 234 1358; x_wconf 81' lang='grc' dir='ltr'><strong><em>στοιχείων</em></strong></span> <span class='ocrx_word' id='word_1_51' title='bbox 261 1273 298 1338; x_wconf 87' lang='grc' dir='ltr'><strong><em>ἐν</em></strong></span> <span class='ocrx_word' id='word_1_52' title='bbox 324 1276 431 1363; x_wconf 77' lang='grc' dir='ltr'><strong><em>τούτῳ</em></strong></span> <span class='ocrx_word' id='word_1_53' title='bbox 458 1276 593 1340; x_wconf 81' lang='grc' dir='ltr'><strong><em>πάντων</em></strong></span> <span class='ocrx_word' id='word_1_54' title='bbox 619 1275 928 1364; x_wconf 77' lang='grc' dir='ltr'><strong><em>περιειλημμένων),</em></strong></span> <span class='ocrx_word' id='word_1_55' title='bbox 955 1282 1070 1365; x_wconf 86' lang='grc' dir='ltr'><strong><em>τρίτην</em></strong></span> 
     </span>
     <span class='ocr_line' id='line_1_10' title="bbox 58 1373 1070 1467; baseline 0.003 -21"><span class='ocrx_word' id='word_1_56' title='bbox 58 1376 100 1446; x_wconf 75' lang='grc' dir='ltr'><strong><em>δὲ</em></strong></span> <span class='ocrx_word' id='word_1_57' title='bbox 125 1380 182 1444; x_wconf 77' lang='grc' dir='ltr'><strong><em>ἴνα</em></strong></span> <span class='ocrx_word' id='word_1_58' title='bbox 209 1381 330 1457; x_wconf 79' lang='grc' dir='ltr'><strong><em>ἄνοσος</em></strong></span> <span class='ocrx_word' id='word_1_59' title='bbox 356 1373 378 1466; x_wconf 78' lang='grc' dir='ltr'><em>ᾖ</em></span> <span class='ocrx_word' id='word_1_60' title='bbox 404 1379 460 1445; x_wconf 81' lang='grc' dir='ltr'><strong><em>καί</em></strong></span> <span class='ocrx_word' id='word_1_61' title='bbox 486 1381 618 1467; x_wconf 78' lang='grc' dir='ltr'><strong><em>ἀγήρως</em></strong></span> <span class='ocrx_word' id='word_1_62' title='bbox 641 1381 659 1447; x_wconf 86' lang='grc' dir='ltr'>ὁ</span> <span class='ocrx_word' id='word_1_63' title='bbox 682 1384 805 1466; x_wconf 89' lang='grc' dir='ltr'><strong><em>κόσμος</em></strong></span> <span class='ocrx_word' id='word_1_64' title='bbox 827 1384 971 1467; x_wconf 79' lang='grc' dir='ltr'><strong><em>μηδενὸς</em></strong></span> <span class='ocrx_word' id='word_1_65' title='bbox 993 1382 1070 1462; x_wconf 76' lang='grc' dir='ltr'><strong><em>ἔξω·</em></strong></span> 
     </span>
     <span class='ocr_line' id='line_1_11' title="bbox 56 1486 1070 1577; baseline 0.003 -24"><span class='ocrx_word' id='word_1_66' title='bbox 56 1493 126 1553; x_wconf 78' lang='grc' dir='ltr'><strong><em>θεν</em></strong></span> <span class='ocrx_word' id='word_1_67' title='bbox 148 1488 262 1570; x_wconf 78' lang='grc' dir='ltr'><strong><em>ὄντος,</em></strong></span> <span class='ocrx_word' id='word_1_68' title='bbox 285 1486 344 1572; x_wconf 87' lang='grc' dir='ltr'><strong><em>ὑφ’</em></strong></span> <span class='ocrx_word' id='word_1_69' title='bbox 372 1488 451 1553; x_wconf 83' lang='grc' dir='ltr'><strong><em>ὅτου</em></strong></span> <span class='ocrx_word' id='word_1_70' title='bbox 475 1486 530 1552; x_wconf 80' lang='grc' dir='ltr'><strong><em>καὶ</em></strong></span> <span class='ocrx_word' id='word_1_71' title='bbox 553 1491 704 1573; x_wconf 79' lang='grc' dir='ltr'><strong><em>πησεται·</em></strong></span> <span class='ocrx_word' id='word_1_72' title='bbox 727 1489 773 1566; x_wconf 83' lang='grc' dir='ltr'><strong><em>ὡς</em></strong></span> <span class='ocrx_word' id='word_1_73' title='bbox 790 1491 853 1575; x_wconf 80' lang='grc' dir='ltr'><strong><em>γὰρ</em></strong></span> <span class='ocrx_word' id='word_1_74' title='bbox 872 1492 912 1555; x_wconf 81' lang='grc' dir='ltr'><strong><em>τὰ</em></strong></span> <span class='ocrx_word' id='word_1_75' title='bbox 929 1489 1070 1577; x_wconf 78' lang='grc' dir='ltr'><strong><em>ὑμέτερα</em></strong></span> 
     </span>
     <span class='ocr_line' id='line_1_12' title="bbox 58 1593 1070 1683; baseline 0.003 -23"><span class='ocrx_word' id='word_1_76' title='bbox 58 1595 196 1678; x_wconf 84' lang='grc' dir='ltr'><strong><em>σώματα</em></strong></span> <span class='ocrx_word' id='word_1_77' title='bbox 226 1596 400 1679; x_wconf 73' lang='grc' dir='ltr'><strong><em>ψυχόμενα</em></strong></span> <span class='ocrx_word' id='word_1_78' title='bbox 430 1607 483 1659; x_wconf 88' lang='grc' dir='ltr'><strong><em>τε·</em></strong></span> <span class='ocrx_word' id='word_1_79' title='bbox 498 1593 645 1680; x_wconf 82' lang='grc' dir='ltr'><strong><em>ἀμέτρως</em></strong></span> <span class='ocrx_word' id='word_1_80' title='bbox 673 1595 739 1659; x_wconf 89' lang='grc' dir='ltr'><strong><em>ὑπὸ</em></strong></span> <span class='ocrx_word' id='word_1_81' title='bbox 770 1604 830 1660; x_wconf 87' lang='grc' dir='ltr'><strong><em>τοῦ</em></strong></span> <span class='ocrx_word' id='word_1_82' title='bbox 859 1594 1070 1683; x_wconf 79' lang='grc' dir='ltr'><strong><em>περιέχοντος</em></strong></span> 
     </span>
     <span class='ocr_line' id='line_1_13' title="bbox 56 1698 1110 1787; baseline 0.003 -21"><span class='ocrx_word' id='word_1_83' title='bbox 56 1698 116 1766; x_wconf 80' lang='grc' dir='ltr'><strong><em>καί</em></strong></span> <span class='ocrx_word' id='word_1_84' title='bbox 146 1704 395 1785; x_wconf 78' lang='grc' dir='ltr'><strong><em>θερμαινόμενα</em></strong></span> <span class='ocrx_word' id='word_1_85' title='bbox 424 1701 652 1787; x_wconf 82' lang='grc' dir='ltr'><strong><em>ὑγραινύμενύ</em></strong></span> <span class='ocrx_word' id='word_1_86' title='bbox 688 1724 723 1765; x_wconf 92' lang='grc' dir='ltr'><strong><em>τε</em></strong></span> <span class='ocrx_word' id='word_1_87' title='bbox 758 1700 813 1766; x_wconf 81' lang='grc' dir='ltr'><strong><em>καί</em></strong></span> <span class='ocrx_word' id='word_1_88' title='bbox 850 1699 1070 1787; x_wconf 86' lang='grc' dir='ltr'><strong><em>ξηραινύμενα</em></strong></span> <span class='ocrx_word' id='word_1_89' title='bbox 1083 1729 1110 1769; x_wconf 78' lang='grc' dir='ltr'><strong><em>ιο</em></strong></span> 
     </span>
     <span class='ocr_line' id='line_1_14' title="bbox 56 1804 1070 1893; baseline 0.002 -21"><span class='ocrx_word' id='word_1_90' title='bbox 56 1804 116 1872; x_wconf 81' lang='grc' dir='ltr'><strong><em>καί</em></strong></span> <span class='ocrx_word' id='word_1_91' title='bbox 147 1808 187 1872; x_wconf 77' lang='grc' dir='ltr'><strong><em>τὰ</em></strong></span> <span class='ocrx_word' id='word_1_92' title='bbox 219 1808 319 1872; x_wconf 76' lang='grc' dir='ltr'><strong><em>λοιποὶ</em></strong></span> <span class='ocrx_word' id='word_1_93' title='bbox 349 1807 442 1890; x_wconf 81' lang='grc' dir='ltr'><strong><em>πύθη</em></strong></span> <span class='ocrx_word' id='word_1_94' title='bbox 474 1806 685 1892; x_wconf 81' lang='grc' dir='ltr'><strong><em>ὑπομένοντα</em></strong></span> <span class='ocrx_word' id='word_1_95' title='bbox 715 1818 774 1892; x_wconf 79' lang='grc' dir='ltr'><strong><em>τῆς</em></strong></span> <span class='ocrx_word' id='word_1_96' title='bbox 810 1805 998 1893; x_wconf 80' lang='grc' dir='ltr'><strong><em>συμμέτρου</em></strong></span> <span class='ocrx_word' id='word_1_97' title='bbox 1034 1832 1070 1874; x_wconf 92' lang='grc' dir='ltr'><strong><em>τε</em></strong></span> 
     </span>
     <span class='ocr_line' id='line_1_15' title="bbox 57 1911 1070 2001; baseline 0.001 -23"><span class='ocrx_word' id='word_1_98' title='bbox 57 1912 207 1998; x_wconf 80' lang='grc' dir='ltr'><strong><em>κράσεως</em></strong></span> <span class='ocrx_word' id='word_1_99' title='bbox 231 1911 394 1990; x_wconf 79' lang='grc' dir='ltr'><strong><em>ἐξίσταται</em></strong></span> <span class='ocrx_word' id='word_1_100' title='bbox 416 1912 472 1978; x_wconf 79' lang='grc' dir='ltr'><strong><em>καὶ</em></strong></span> <span class='ocrx_word' id='word_1_101' title='bbox 495 1915 597 1999; x_wconf 90' lang='grc' dir='ltr'><strong><em>ταύτη</em></strong></span> <span class='ocrx_word' id='word_1_102' title='bbox 621 1915 777 2001; x_wconf 78' lang='grc' dir='ltr'><strong><em>γηράσκει</em></strong></span> <span class='ocrx_word' id='word_1_103' title='bbox 800 1936 835 1978; x_wconf 87' lang='grc' dir='ltr'><strong><em>τε</em></strong></span> <span class='ocrx_word' id='word_1_104' title='bbox 858 1911 913 1978; x_wconf 82' lang='grc' dir='ltr'><strong><em>καὶ</em></strong></span> <span class='ocrx_word' id='word_1_105' title='bbox 941 1917 1070 1998; x_wconf 83' lang='grc' dir='ltr'><strong><em>φθίνει,</em></strong></span> 
     </span>
     <span class='ocr_line' id='line_1_16' title="bbox 58 2017 1071 2107; baseline 0 -22"><span class='ocrx_word' id='word_1_106' title='bbox 58 2019 164 2102; x_wconf 86' lang='grc' dir='ltr'><strong><em>οὑτω,</em></strong></span> <span class='ocrx_word' id='word_1_107' title='bbox 193 2024 313 2104; x_wconf 89' lang='grc' dir='ltr'><strong><em>φησίν,</em></strong></span> <span class='ocrx_word' id='word_1_108' title='bbox 343 2021 373 2084; x_wconf 81' lang='grc' dir='ltr'><strong><em>εἰ</em></strong></span> <span class='ocrx_word' id='word_1_109' title='bbox 403 2017 432 2083; x_wconf 79' lang='grc' dir='ltr'><strong><em>δ’</em></strong></span> <span class='ocrx_word' id='word_1_110' title='bbox 460 2018 503 2084; x_wconf 72' lang='grc' dir='ltr'><strong><em>ἂν</em></strong></span> <span class='ocrx_word' id='word_1_111' title='bbox 533 2017 593 2097; x_wconf 80' lang='grc' dir='ltr'><strong><em>ἐξω</em></strong></span> <span class='ocrx_word' id='word_1_112' title='bbox 621 2029 681 2085; x_wconf 87' lang='grc' dir='ltr'><strong><em>τοῦ</em></strong></span> <span class='ocrx_word' id='word_1_113' title='bbox 711 2019 859 2107; x_wconf 84' lang='grc' dir='ltr'><strong><em>οὐρανοῦ</em></strong></span> <span class='ocrx_word' id='word_1_114' title='bbox 886 2018 967 2104; x_wconf 88' lang='grc' dir='ltr'><strong><em>μέρη</em></strong></span> <span class='ocrx_word' id='word_1_115' title='bbox 995 2022 1071 2085; x_wconf 80' lang='grc' dir='ltr'><strong><em>τινὰ</em></strong></span> 
     </span>
     <span class='ocr_line' id='line_1_17' title="bbox 57 2124 1071 2213; baseline 0.001 -23"><span class='ocrx_word' id='word_1_116' title='bbox 57 2135 129 2190; x_wconf 82' lang='grc' dir='ltr'><strong><em>τῶν</em></strong></span> <span class='ocrx_word' id='word_1_117' title='bbox 152 2130 325 2211; x_wconf 86' lang='grc' dir='ltr'><strong><em>στοιχείων</em></strong></span> <span class='ocrx_word' id='word_1_118' title='bbox 347 2124 367 2208; x_wconf 77' lang='grc' dir='ltr'><strong><em>ἣ</em></strong></span> <span class='ocrx_word' id='word_1_119' title='bbox 392 2125 550 2209; x_wconf 77' lang='grc' dir='ltr'><strong><em>δυνάμεις</em></strong></span> <span class='ocrx_word' id='word_1_120' title='bbox 573 2126 791 2192; x_wconf 88' lang='grc' dir='ltr'><strong><em>ὑπελείποντο</em></strong></span> <span class='ocrx_word' id='word_1_121' title='bbox 821 2129 1071 2213; x_wconf 86' lang='grc' dir='ltr'><strong><em>προσπίπτοντα</em></strong></span> 
     </span>
     <span class='ocr_line' id='line_1_18' title="bbox 59 2230 1110 2320; baseline 0.001 -23"><span class='ocrx_word' id='word_1_122' title='bbox 59 2230 189 2309; x_wconf 74' lang='grc' dir='ltr'><strong><em>ἔξωθεν</em></strong></span> <span class='ocrx_word' id='word_1_123' title='bbox 210 2240 257 2320; x_wconf 77' lang='grc' dir='ltr'><strong><em>τῷ</em></strong></span> <span class='ocrx_word' id='word_1_124' title='bbox 281 2231 426 2319; x_wconf 76' lang='grc' dir='ltr'><strong><em>οὐρανῷ,</em></strong></span> <span class='ocrx_word' id='word_1_125' title='bbox 449 2233 489 2296; x_wconf 80' lang='grc' dir='ltr'><strong><em>τὰ</em></strong></span> <span class='ocrx_word' id='word_1_126' title='bbox 512 2231 595 2296; x_wconf 80' lang='grc' dir='ltr'><strong><em>αὐτὰ</em></strong></span> <span class='ocrx_word' id='word_1_127' title='bbox 618 2230 661 2296; x_wconf 79' lang='grc' dir='ltr'><strong><em>ἂν</em></strong></span> <span class='ocrx_word' id='word_1_128' title='bbox 679 2232 769 2320; x_wconf 76' lang='grc' dir='ltr'><strong><em>αὐτῷ</em></strong></span> <span class='ocrx_word' id='word_1_129' title='bbox 786 2233 878 2316; x_wconf 79' lang='grc' dir='ltr'><strong><em>πάθη</em></strong></span> <span class='ocrx_word' id='word_1_130' title='bbox 898 2231 1071 2316; x_wconf 84' lang='grc' dir='ltr'><strong><em>ἐνεποίησε</em></strong></span> <span class='ocrx_word' id='word_1_131' title='bbox 1083 2257 1110 2299; x_wconf 81' lang='grc' dir='ltr'><strong><em>ιε</em></strong></span> 
     </span>
     <span class='ocr_line' id='line_1_19' title="bbox 60 2337 1071 2426; baseline 0.002 -23"><span class='ocrx_word' id='word_1_132' title='bbox 60 2339 119 2403; x_wconf 76' lang='grc' dir='ltr'><strong><em>διὰ</em></strong></span> <span class='ocrx_word' id='word_1_133' title='bbox 148 2340 185 2403; x_wconf 89' lang='grc' dir='ltr'><strong><em>τὸ</em></strong></span> <span class='ocrx_word' id='word_1_134' title='bbox 217 2339 419 2423; x_wconf 80' lang='grc' dir='ltr'><strong><em>δραστήριον</em></strong></span> <span class='ocrx_word' id='word_1_135' title='bbox 448 2347 506 2422; x_wconf 79' lang='grc' dir='ltr'><strong><em>της</em></strong></span> <span class='ocrx_word' id='word_1_136' title='bbox 536 2339 659 2415; x_wconf 80' lang='grc' dir='ltr'><strong><em>οἰκείας</em></strong></span> <span class='ocrx_word' id='word_1_137' title='bbox 689 2339 874 2423; x_wconf 77' lang='grc' dir='ltr'><strong><em>δυνάμεως,</em></strong></span> <span class='ocrx_word' id='word_1_138' title='bbox 904 2341 985 2426; x_wconf 79' lang='grc' dir='ltr'><strong><em>ἅπερ</em></strong></span> <span class='ocrx_word' id='word_1_139' title='bbox 1015 2337 1071 2405; x_wconf 81' lang='grc' dir='ltr'><strong><em>καὶ</em></strong></span> 
     </span>
     <span class='ocr_line' id='line_1_20' title="bbox 59 2443 1072 2531; baseline 0 -21"><span class='ocrx_word' id='word_1_140' title='bbox 59 2455 131 2522; x_wconf 70' lang='grc' dir='ltr'><strong><em>τοῖς</em></strong></span> <span class='ocrx_word' id='word_1_141' title='bbox 157 2443 328 2530; x_wconf 78' lang='grc' dir='ltr'><strong><em>ἡμετέροις</em></strong></span> <span class='ocrx_word' id='word_1_142' title='bbox 356 2444 422 2509; x_wconf 89' lang='grc' dir='ltr'><strong><em>ὑπὸ</em></strong></span> <span class='ocrx_word' id='word_1_143' title='bbox 446 2453 506 2509; x_wconf 87' lang='grc' dir='ltr'><strong><em>τοῦ</em></strong></span> <span class='ocrx_word' id='word_1_144' title='bbox 529 2444 741 2530; x_wconf 83' lang='grc' dir='ltr'><strong><em>περιέχοντος</em></strong></span> <span class='ocrx_word' id='word_1_145' title='bbox 764 2448 941 2529; x_wconf 79' lang='grc' dir='ltr'><strong><em>συμβαίνει</em></strong></span> <span class='ocrx_word' id='word_1_146' title='bbox 963 2447 1072 2531; x_wconf 84' lang='grc' dir='ltr'><strong><em>σωμα-</em></strong></span> 
     </span>
     <span class='ocr_line' id='line_1_21' title="bbox 60 2546 1071 2635; baseline 0 -18"><span class='ocrx_word' id='word_1_147' title='bbox 60 2570 131 2618; x_wconf 88' lang='grc' dir='ltr'><strong><em>σιν·</em></strong></span> <span class='ocrx_word' id='word_1_148' title='bbox 153 2553 211 2616; x_wconf 76' lang='grc' dir='ltr'><strong><em>ἵνα</em></strong></span> <span class='ocrx_word' id='word_1_149' title='bbox 234 2546 297 2616; x_wconf 83' lang='grc' dir='ltr'><strong><em>οὖν</em></strong></span> <span class='ocrx_word' id='word_1_150' title='bbox 319 2552 448 2616; x_wconf 86' lang='grc' dir='ltr'><strong><em>τούτων</em></strong></span> <span class='ocrx_word' id='word_1_151' title='bbox 470 2562 538 2616; x_wconf 81' lang='grc' dir='ltr'><strong><em>τῶν</em></strong></span> <span class='ocrx_word' id='word_1_152' title='bbox 560 2558 682 2616; x_wconf 85' lang='grc' dir='ltr'><strong><em>παθῶν</em></strong></span> <span class='ocrx_word' id='word_1_153' title='bbox 705 2551 906 2635; x_wconf 79' lang='grc' dir='ltr'><strong><em>ἀπαλλαγείη</em></strong></span> <span class='ocrx_word' id='word_1_154' title='bbox 933 2553 971 2617; x_wconf 86' lang='grc' dir='ltr'><strong><em>τὸ</em></strong></span> <span class='ocrx_word' id='word_1_155' title='bbox 993 2561 1071 2635; x_wconf 86' lang='grc' dir='ltr'><strong><em>πᾶν,</em></strong></span> 
     </span>
     <span class='ocr_line' id='line_1_22' title="bbox 60 2657 1071 2743; baseline -0.002 -19"><span class='ocrx_word' id='word_1_156' title='bbox 60 2657 156 2735; x_wconf 86' lang='grc' dir='ltr'><strong><em>ἐντὸς</em></strong></span> <span class='ocrx_word' id='word_1_157' title='bbox 178 2659 319 2740; x_wconf 77' lang='grc' dir='ltr'><strong><em>ἅπασαν,</em></strong></span> <span class='ocrx_word' id='word_1_158' title='bbox 343 2661 457 2741; x_wconf 89' lang='grc' dir='ltr'><strong><em>φησίν,</em></strong></span> <span class='ocrx_word' id='word_1_159' title='bbox 480 2660 631 2741; x_wconf 77' lang='grc' dir='ltr'><strong><em>τὴντῶν</em></strong></span> <span class='ocrx_word' id='word_1_160' title='bbox 655 2661 829 2743; x_wconf 88' lang='grc' dir='ltr'><strong><em>στοιχείων</em></strong></span> <span class='ocrx_word' id='word_1_161' title='bbox 852 2659 958 2741; x_wconf 90' lang='grc' dir='ltr'><strong><em>φύσιν</em></strong></span> <span class='ocrx_word' id='word_1_162' title='bbox 976 2657 994 2723; x_wconf 86' lang='grc' dir='ltr'>ὁ</span> <span class='ocrx_word' id='word_1_163' title='bbox 1014 2659 1071 2741; x_wconf 80' lang='grc' dir='ltr'><strong><em>ὑη-</em></strong></span> 
     </span>
     <span class='ocr_line' id='line_1_23' title="bbox 58 2762 1111 2850; baseline 0 -21"><span class='ocrx_word' id='word_1_164' title='bbox 58 2765 222 2850; x_wconf 85' lang='grc' dir='ltr'><strong><em>μιουργὸς</em></strong></span> <span class='ocrx_word' id='word_1_165' title='bbox 248 2762 480 2849; x_wconf 79' lang='grc' dir='ltr'><strong><em>περιέκλεισεν.</em></strong></span> <span class='ocrx_word' id='word_1_166' title='bbox 526 2767 634 2828; x_wconf 91' lang='grc' dir='ltr'><strong><em>καίτοι</em></strong></span> <span class='ocrx_word' id='word_1_167' title='bbox 662 2765 692 2828; x_wconf 82' lang='grc' dir='ltr'><strong><em>εἰ</em></strong></span> <span class='ocrx_word' id='word_1_168' title='bbox 718 2764 762 2849; x_wconf 82' lang='grc' dir='ltr'><strong><em>μὴ</em></strong></span> <span class='ocrx_word' id='word_1_169' title='bbox 786 2763 944 2848; x_wconf 90' lang='grc' dir='ltr'><strong><em>ἐπεφύκει</em></strong></span> <span class='ocrx_word' id='word_1_170' title='bbox 967 2764 1111 2848; x_wconf 80' lang='grc' dir='ltr'><strong><em>γῆράςιο</em></strong></span> 
     </span>
     <span class='ocr_line' id='line_1_24' title="bbox 59 2868 1072 2956; baseline 0 -22"><span class='ocrx_word' id='word_1_171' title='bbox 59 2893 96 2934; x_wconf 87' lang='grc' dir='ltr'><strong><em>τε</em></strong></span> <span class='ocrx_word' id='word_1_172' title='bbox 118 2869 174 2935; x_wconf 83' lang='grc' dir='ltr'><strong><em>καὶ</em></strong></span> <span class='ocrx_word' id='word_1_173' title='bbox 197 2872 297 2934; x_wconf 90' lang='grc' dir='ltr'><strong><em>λύσιν</em></strong></span> <span class='ocrx_word' id='word_1_174' title='bbox 319 2869 337 2935; x_wconf 86' lang='grc' dir='ltr'>ὁ</span> <span class='ocrx_word' id='word_1_175' title='bbox 361 2870 505 2956; x_wconf 82' lang='grc' dir='ltr'><strong><em>οὐρανὸς</em></strong></span> <span class='ocrx_word' id='word_1_176' title='bbox 524 2868 714 2953; x_wconf 83' lang='grc' dir='ltr'><strong><em>ὑπομένειν,</em></strong></span> <span class='ocrx_word' id='word_1_177' title='bbox 734 2869 806 2935; x_wconf 77' lang='grc' dir='ltr'><strong><em>οὐδ’</em></strong></span> <span class='ocrx_word' id='word_1_178' title='bbox 825 2872 877 2954; x_wconf 80' lang='grc' dir='ltr'><strong><em>ἄν,</em></strong></span> <span class='ocrx_word' id='word_1_179' title='bbox 897 2872 926 2935; x_wconf 79' lang='grc' dir='ltr'><strong><em>εἰ</em></strong></span> <span class='ocrx_word' id='word_1_180' title='bbox 944 2870 964 2953; x_wconf 76' lang='grc' dir='ltr'><em>ἡ</em></span> <span class='ocrx_word' id='word_1_181' title='bbox 983 2879 1072 2935; x_wconf 85' lang='grc' dir='ltr'><strong><em>πᾶσα</em></strong></span> 
     </span>
     <span class='ocr_line' id='line_1_25' title="bbox 59 2973 1071 3062; baseline 0.001 -22"><span class='ocrx_word' id='word_1_182' title='bbox 59 2975 80 3059; x_wconf 80' lang='grc' dir='ltr'><strong><em>η</em></strong></span> <span class='ocrx_word' id='word_1_183' title='bbox 104 2986 173 3040; x_wconf 82' lang='grc' dir='ltr'><strong><em>τῶν</em></strong></span> <span class='ocrx_word' id='word_1_184' title='bbox 196 2979 370 3060; x_wconf 86' lang='grc' dir='ltr'><strong><em>στοιχείων</em></strong></span> <span class='ocrx_word' id='word_1_185' title='bbox 388 2977 490 3060; x_wconf 86' lang='grc' dir='ltr'><strong><em>φύσις</em></strong></span> <span class='ocrx_word' id='word_1_186' title='bbox 509 2973 635 3053; x_wconf 79' lang='grc' dir='ltr'><strong><em>ἔξωθεν</em></strong></span> <span class='ocrx_word' id='word_1_187' title='bbox 653 2975 848 3061; x_wconf 78' lang='grc' dir='ltr'><strong><em>ὑπάρχουσα</em></strong></span> <span class='ocrx_word' id='word_1_188' title='bbox 865 2975 1071 3062; x_wconf 77' lang='grc' dir='ltr'><strong><em>προσέβαλεν</em></strong></span> 
     </span>
     <span class='ocr_line' id='line_1_26' title="bbox 60 3075 1071 3170; baseline 0 -23"><span class='ocrx_word' id='word_1_189' title='bbox 60 3082 167 3170; x_wconf 74' lang='grc' dir='ltr'><strong><em>αὐτῷ,</em></strong></span> <span class='ocrx_word' id='word_1_190' title='bbox 197 3085 324 3146; x_wconf 78' lang='grc' dir='ltr'><strong><em>ἔπαθεν</em></strong></span> <span class='ocrx_word' id='word_1_191' title='bbox 351 3084 393 3146; x_wconf 80' lang='grc' dir='ltr'><strong><em>ἄν</em></strong></span> <span class='ocrx_word' id='word_1_192' title='bbox 419 3086 454 3147; x_wconf 90' lang='grc' dir='ltr'><strong><em>τί</em></strong></span> <span class='ocrx_word' id='word_1_193' title='bbox 477 3103 558 3147; x_wconf 91' lang='grc' dir='ltr'><strong><em>ποτε</em></strong></span> <span class='ocrx_word' id='word_1_194' title='bbox 584 3079 661 3168; x_wconf 91' lang='grc' dir='ltr'><strong><em>παρ’</em></strong></span> <span class='ocrx_word' id='word_1_195' title='bbox 690 3080 801 3146; x_wconf 84' lang='grc' dir='ltr'><strong><em>αὐτῶν</em></strong></span> <span class='ocrx_word' id='word_1_196' title='bbox 827 3089 997 3165; x_wconf 82' lang='grc' dir='ltr'><strong><em>τοιοῦτον,</em></strong></span> <span class='ocrx_word' id='word_1_197' title='bbox 1029 3075 1071 3147; x_wconf 92' lang='grc' dir='ltr'><strong><em>οὑ</em></strong></span> 
     </span>
     <span class='ocr_line' id='line_1_27' title="bbox 59 3186 1071 3273; baseline 0 -20"><span class='ocrx_word' id='word_1_198' title='bbox 59 3190 104 3273; x_wconf 79' lang='grc' dir='ltr'><strong><em>μὴ</em></strong></span> <span class='ocrx_word' id='word_1_199' title='bbox 129 3189 261 3271; x_wconf 76' lang='grc' dir='ltr'><strong><em>δεκτικὴ</em></strong></span> <span class='ocrx_word' id='word_1_200' title='bbox 284 3187 305 3271; x_wconf 78' lang='grc' dir='ltr'><strong><em>ἡ</em></strong></span> <span class='ocrx_word' id='word_1_201' title='bbox 329 3189 431 3271; x_wconf 87' lang='grc' dir='ltr'><strong><em>φύσις</em></strong></span> <span class='ocrx_word' id='word_1_202' title='bbox 454 3187 558 3253; x_wconf 86' lang='grc' dir='ltr'><strong><em>αὑτοῦ</em></strong></span> <span class='ocrx_word' id='word_1_203' title='bbox 582 3187 774 3273; x_wconf 86' lang='grc' dir='ltr'><strong><em>ἐτύγχανεν·</em></strong></span> <span class='ocrx_word' id='word_1_204' title='bbox 801 3191 837 3252; x_wconf 91' lang='grc' dir='ltr'><strong><em>τί</em></strong></span> <span class='ocrx_word' id='word_1_205' title='bbox 861 3188 925 3272; x_wconf 78' lang='grc' dir='ltr'><strong><em>γὰρ</em></strong></span> <span class='ocrx_word' id='word_1_206' title='bbox 951 3186 994 3251; x_wconf 71' lang='grc' dir='ltr'><strong><em>ἂν</em></strong></span> <span class='ocrx_word' id='word_1_207' title='bbox 1015 3186 1071 3253; x_wconf 82' lang='grc' dir='ltr'><strong><em>καὶ</em></strong></span> 
     </span>
     <span class='ocr_line' id='line_1_28' title="bbox 59 3293 1126 3383; baseline -0.002 -23"><span class='ocrx_word' id='word_1_208' title='bbox 59 3293 215 3382; x_wconf 64' lang='grc' dir='ltr'><strong><em>κᾶλθοιεν</em></strong></span> <span class='ocrx_word' id='word_1_209' title='bbox 237 3295 271 3359; x_wconf 77' lang='grc' dir='ltr'><strong><em>αἱ</em></strong></span> <span class='ocrx_word' id='word_1_210' title='bbox 294 3293 331 3359; x_wconf 93' lang='grc' dir='ltr'><strong><em>ἐν</em></strong></span> <span class='ocrx_word' id='word_1_211' title='bbox 353 3303 399 3381; x_wconf 73' lang='grc' dir='ltr'><strong><em>τῷ</em></strong></span> <span class='ocrx_word' id='word_1_212' title='bbox 422 3296 534 3383; x_wconf 74' lang='grc' dir='ltr'><strong><em>κόσμῳ</em></strong></span> <span class='ocrx_word' id='word_1_213' title='bbox 557 3293 689 3378; x_wconf 79' lang='grc' dir='ltr'><strong><em>λογικαί</em></strong></span> <span class='ocrx_word' id='word_1_214' title='bbox 715 3294 826 3359; x_wconf 86' lang='grc' dir='ltr'><strong><em>οὐσίαι</em></strong></span> <span class='ocrx_word' id='word_1_215' title='bbox 854 3293 920 3359; x_wconf 88' lang='grc' dir='ltr'><strong><em>ὑπὸ</em></strong></span> <span class='ocrx_word' id='word_1_216' title='bbox 948 3304 1007 3378; x_wconf 79' lang='grc' dir='ltr'><strong><em>τῆς</em></strong></span> <span class='ocrx_word' id='word_1_217' title='bbox 1020 3310 1062 3352; x_wconf 72' lang='lat'><strong><em>101·</em></strong></span> <span class='ocrx_word' id='word_1_218' title='bbox 1071 3310 1126 3352; x_wconf 68' lang='grc' dir='ltr'><strong><em>θεν.</em></strong></span> 
     </span>
     <span class='ocr_line' id='line_1_29' title="bbox 59 3398 1111 3486; baseline 0.001 -21"><span class='ocrx_word' id='word_1_219' title='bbox 59 3412 128 3466; x_wconf 85' lang='grc' dir='ltr'><strong><em>τῶν</em></strong></span> <span class='ocrx_word' id='word_1_220' title='bbox 151 3401 312 3485; x_wconf 83' lang='grc' dir='ltr'><strong><em>σωμάτων</em></strong></span> <span class='ocrx_word' id='word_1_221' title='bbox 335 3401 537 3486; x_wconf 78' lang='grc' dir='ltr'><strong><em>δραστηρίου</em></strong></span> <span class='ocrx_word' id='word_1_222' title='bbox 561 3401 747 3484; x_wconf 59' lang='grc' dir='ltr'><strong><em>δυνάμεως</em></strong></span> <span class='ocrx_word' id='word_1_223' title='bbox 771 3399 833 3465; x_wconf 86' lang='grc' dir='ltr'><strong><em>οὐκ</em></strong></span> <span class='ocrx_word' id='word_1_224' title='bbox 852 3400 970 3485; x_wconf 79' lang='grc' dir='ltr'><strong><em>ἄρατὸ</em></strong></span> <span class='ocrx_word' id='word_1_225' title='bbox 991 3398 1071 3483; x_wconf 80' lang='grc' dir='ltr'><strong><em>ἀγή-</em></strong></span> <span class='ocrx_word' id='word_1_226' title='bbox 1084 3424 1111 3466; x_wconf 77' lang='grc' dir='ltr'><strong><em>τι</em></strong></span> 
     </span>
     <span class='ocr_line' id='line_1_30' title="bbox 59 3503 1070 3593; baseline -0.002 -21"><span class='ocrx_word' id='word_1_227' title='bbox 59 3531 131 3593; x_wconf 90' lang='grc' dir='ltr'><strong><em>ρων</em></strong></span> <span class='ocrx_word' id='word_1_228' title='bbox 154 3503 240 3572; x_wconf 79' lang='grc' dir='ltr'><strong><em>εἶναι</em></strong></span> <span class='ocrx_word' id='word_1_229' title='bbox 263 3507 322 3571; x_wconf 86' lang='grc' dir='ltr'><strong><em>τὸν</em></strong></span> <span class='ocrx_word' id='word_1_230' title='bbox 345 3506 492 3591; x_wconf 87' lang='grc' dir='ltr'><strong><em>οὐρανὸν</em></strong></span> <span class='ocrx_word' id='word_1_231' title='bbox 513 3505 568 3571; x_wconf 79' lang='grc' dir='ltr'><strong><em>καί</em></strong></span> <span class='ocrx_word' id='word_1_232' title='bbox 591 3507 717 3571; x_wconf 75' lang='grc' dir='ltr'><strong><em>ἄνοσον</em></strong></span> <span class='ocrx_word' id='word_1_233' title='bbox 740 3506 797 3571; x_wconf 77' lang='grc' dir='ltr'><strong><em>διὰ</em></strong></span> <span class='ocrx_word' id='word_1_234' title='bbox 823 3506 860 3570; x_wconf 84' lang='grc' dir='ltr'><strong><em>τὸ</em></strong></span> <span class='ocrx_word' id='word_1_235' title='bbox 888 3505 1070 3570; x_wconf 81' lang='grc' dir='ltr'><strong><em>ἀναλλοίω-</em></strong></span> 
     </span>
     <span class='ocr_line' id='line_1_31' title="bbox 133 3696 978 3804; baseline -0.001 -18"><span class='ocrx_word' id='word_1_236' title='bbox 133 3740 157 3789; x_wconf 79' lang='lat'><strong><em>2.</em></strong></span> <span class='ocrx_word' id='word_1_237' title='bbox 176 3738 201 3787; x_wconf 79' lang='grc'><strong><em>8.</em></strong></span> <span class='ocrx_word' id='word_1_238' title='bbox 220 3735 377 3804; x_wconf 61' lang='grc' dir='ltr'><strong><em>πλατωλνἸα</em></strong></span> <span class='ocrx_word' id='word_1_239' title='bbox 395 3733 425 3787; x_wconf 87' lang='grc' dir='ltr'>Μ</span> <span class='ocrx_word' id='word_1_240' title='bbox 501 3738 526 3786; x_wconf 87' lang='grc'><strong><em>3.</em></strong></span> <span class='ocrx_word' id='word_1_241' title='bbox 546 3733 681 3794; x_wconf 85' lang='grc' dir='ltr'><strong><em>σὺνεστὼς</em></strong></span> <span class='ocrx_word' id='word_1_242' title='bbox 789 3738 814 3786; x_wconf 80' lang='grc'><strong><em>4.</em></strong></span> <span class='ocrx_word' id='word_1_243' title='bbox 834 3696 930 3786; x_wconf 58' lang='grc' dir='ltr'><strong><em>στὺειιου</em></strong></span> <span class='ocrx_word' id='word_1_244' title='bbox 948 3730 978 3784; x_wconf 87' lang='grc' dir='ltr'>Μ</span> 
     </span>
    </p>
   </div>
   <div class='ocr_carea' id='block_1_5' title="bbox 60 3801 1087 3876">
    <p class='ocr_par' dir='ltr' id='par_1_5' title="bbox 60 3801 1087 3876">
     <span class='ocr_line' id='line_1_32' title="bbox 60 3801 1087 3876; baseline -0.004 -16"><span class='ocrx_word' id='word_1_245' title='bbox 60 3811 85 3860; x_wconf 78' lang='grc'><strong><em>6.</em></strong></span> <span class='ocrx_word' id='word_1_246' title='bbox 104 3804 365 3876; x_wconf 75' lang='grc' dir='ltr'><strong><em>περιειλ[η]μμενων</em></strong></span> <span class='ocrx_word' id='word_1_247' title='bbox 383 3804 413 3858; x_wconf 87' lang='grc' dir='ltr'>Μ</span> <span class='ocrx_word' id='word_1_248' title='bbox 485 3809 527 3858; x_wconf 82' lang='grc'><strong><em>13.</em></strong></span> <span class='ocrx_word' id='word_1_249' title='bbox 546 3821 571 3857; x_wconf 84' lang='grc' dir='ltr'><strong><em>ει</em></strong></span> <span class='ocrx_word' id='word_1_250' title='bbox 590 3805 662 3858; x_wconf 81' lang='grc' dir='ltr'><strong><em>δαν</em></strong></span> <span class='ocrx_word' id='word_1_251' title='bbox 715 3827 722 3873; x_wconf 82' lang='lat'>3</span> <span class='ocrx_word' id='word_1_252' title='bbox 750 3803 798 3858; x_wconf 81' lang='lat' dir='ltr'><strong><em>vix</em></strong></span> <span class='ocrx_word' id='word_1_253' title='bbox 820 3819 926 3858; x_wconf 69' lang='lat' dir='ltr'><strong><em>mum</em></strong></span> <span class='ocrx_word' id='word_1_254' title='bbox 995 3801 1087 3869; x_wconf 62' lang='grc' dir='ltr'><strong><em>(Μ</em></strong></span> 
     </span>
    </p>
   </div>
   <div class='ocr_carea' id='block_1_6' title="bbox 49 3874 1026 4012">
    <p class='ocr_par' dir='ltr' id='par_1_6' title="bbox 49 3874 1026 4012">
     <span class='ocr_line' id='line_1_33' title="bbox 60 3874 1026 3955; baseline -0.003 -23"><span class='ocrx_word' id='word_1_255' title='bbox 60 3892 114 3932; x_wconf 85' lang='lat' dir='ltr'><strong><em>om.</em></strong></span> <span class='ocrx_word' id='word_1_256' title='bbox 134 3881 192 3940; x_wconf 72' lang='lat'><strong><em>234,</em></strong></span> <span class='ocrx_word' id='word_1_257' title='bbox 207 3881 255 3938; x_wconf 60' lang='grc' dir='ltr'><strong><em>ειη</em></strong></span> <span class='ocrx_word' id='word_1_258' title='bbox 280 3877 313 3926; x_wconf 74' lang='grc' dir='ltr'><strong><em>πί</em></strong></span> <span class='ocrx_word' id='word_1_259' title='bbox 329 3874 364 3946; x_wconf 75' lang='grc' dir='ltr'><strong><em>τί,</em></strong></span> <span class='ocrx_word' id='word_1_260' title='bbox 383 3880 474 3942; x_wconf 71' lang='grc'><strong><em>249,6</em></strong></span> <span class='ocrx_word' id='word_1_261' title='bbox 557 3881 601 3933; x_wconf 77' lang='grc'><strong><em>23.</em></strong></span> <span class='ocrx_word' id='word_1_262' title='bbox 621 3885 756 3936; x_wconf 78' lang='grc' dir='ltr'><strong><em>τοιοῦτον</em></strong></span> <span class='ocrx_word' id='word_1_263' title='bbox 773 3878 810 3955; x_wconf 69' lang='lat' dir='ltr'><strong><em>p]</em></strong></span> <span class='ocrx_word' id='word_1_264' title='bbox 827 3895 971 3937; x_wconf 75' lang='grc' dir='ltr'><strong><em>τοιουτου</em></strong></span> <span class='ocrx_word' id='word_1_265' title='bbox 985 3874 1026 3929; x_wconf 82' lang='grc' dir='ltr'>Μ</span> 
     </span>
     <span class='ocr_line' id='line_1_34' title="bbox 49 3942 431 4012; baseline 0.013 -18"><span class='ocrx_word' id='word_1_266' title='bbox 49 3950 90 3994; x_wconf 72' lang='lat' dir='ltr'><em>u</em></span> <span class='ocrx_word' id='word_1_267' title='bbox 110 3942 238 4009; x_wconf 66' lang='grc' dir='ltr'><strong><em>δεκτικύ]</em></strong></span> <span class='ocrx_word' id='word_1_268' title='bbox 251 3944 382 4012; x_wconf 75' lang='grc' dir='ltr'><strong><em>δεκτικης</em></strong></span> <span class='ocrx_word' id='word_1_269' title='bbox 396 3945 431 3999; x_wconf 87' lang='grc' dir='ltr'>Μ</span> 
     </span>
    </p>
   </div>
   <div class='ocr_carea' id='block_1_7' title="bbox 0 0 1205 4208">
    <p class='ocr_par' dir='ltr' id='par_1_7' title="bbox 0 0 1205 4208">
     <span class='ocr_line' id='line_1_35' title="bbox 0 0 1205 4208; baseline 0 0"><span class='ocrx_word' id='word_1_270' title='bbox 0 0 1205 4208; x_wconf 95' lang='lat' dir='ltr'><strong><em> </em></strong></span> 
     </span>
    </p>
   </div>
  </div>
 </body>
</html>
