2394 4208
914 40 920 71 λ

10 39 889 354 -ε,

96 565 137 623 τι
151 568 198 640 ιε]
374 567 422 622 DE
440 565 698 622 Αοοοοιοτιοο
716 568 838 624 mmm
1049 567 1113 633 167

98 731 255 816 Πρόκλος
279 728 316 794 ἐν
338 739 409 807 τοῖς
432 731 479 808 εἰς
500 731 541 795 τὰ
562 735 764 817 προκείμενα
786 735 890 818 χωρία
908 729 1112 816 ἐξηγητικοῖς

96 837 336 921 ὑπομνήμασιν
368 835 578 922 ἀποδέχεται·
610 836 648 902 ἐν
684 847 770 921 γοῦν
804 846 851 927 τῳ
882 838 1111 928 προειρημένῳ

96 946 203 1030 λόγῳ,
227 942 264 1020 ὃς
288 941 523 1029 ἐπιγέγραπται
546 942 731 1022 ζἐπίσκεψις
753 955 821 1009 τῶν
840 945 924 1032 πρὸς
941 947 1002 1011 τὸν
1021 946 1112 1011 Πλοί-

94 1072 204 1127 τωνος
228 1053 369 1134 Τίμαιον
385 1047 441 1115 ὑπ’
460 1047 720 1136 Ἀριστοτέλους
734 1050 1001 1138 ἀπειρημένον,
1020 1051 1111 1118 ἀντι-

95 1153 206 1240 λέγιον
232 1157 317 1243 πρὸς
339 1153 571 1242 Ἀριστοτέλην
594 1157 698 1224 αὐτὸν
720 1156 782 1244 μὲν
805 1159 917 1225 ἀίδιον
940 1155 1027 1225 εἶναι
1049 1160 1109 1225 τὸν
1135 1183 1150 1226 ε

94 1265 227 1347 κόσμον
244 1261 491 1348 ὑποτιθέμενον
509 1262 714 1348 ἐγκαλοῦντα
732 1263 769 1332 δὲ
789 1267 945 1331 Πλάτωνι
965 1267 1010 1344 ὡς
1028 1263 1108 1356 aab*

94 1372 223 1455 χρόνου
246 1370 388 1454 γενητὸν
410 1369 514 1435 αὑτὸν
535 1380 689 1437 ποιοῦντι
714 1369 873 1459 (εἴποιμεν
895 1371 948 1459 δέ,
978 1385 1049 1452 πῶς
1064 1391 1163 1433 τοιαῦτ·

93 1478 134 1542 τὸ
167 1475 231 1542 ἀπὸ
265 1478 390 1562 χρόνου
424 1475 476 1542 ἐπὶ
511 1487 572 1543 τοῦ
609 1480 738 1563 κόσμου
773 1478 916 1567 λέγεται)
954 1481 1014 1545 τὸν
1049 1477 1111 1566 μὲν

92 1581 173 1668 περὶ
196 1593 254 1667 τῆς
282 1582 470 1667 ἀιδιότητος
493 1593 553 1649 τοῦ
576 1586 704 1669 κόσμου
727 1587 831 1669 λόγον
853 1595 913 1650 τοῦ
928 1584 1111 1672 Ἀριστοτί-

93 1694 179 1767 λους
202 1688 411 1776 ἀποδέχεται,
439 1690 479 1755 οὐ
504 1691 616 1756 δίκαια
641 1689 681 1756 δέ
702 1709 807 1776 φησιν
830 1690 982 1775 ἐγκαλεῖν
1005 1694 1109 1760 αὑτὸν
1124 1721 1150 1761 ιο

94 1795 270 1862 Πλάτωνι·
293 1793 455 1883 οὐδὲγὰρ
474 1797 512 1861 τὸ
531 1795 706 1881 γεγονέναι
725 1795 801 1883 παρ’
821 1798 911 1885 αὐτῷ
935 1803 1110 1883 σημαίνειν

92 1903 135 1967 τὸ
164 1901 270 1989 ἀρχὴν
297 1906 386 1989 ἐχειν
411 1912 472 1969 τοῦ
501 1898 587 1968 εἶναι
615 1902 698 1969 ἀλλὰ
720 1905 757 1969 τὸ
781 1902 832 1969 ἀεὶ
856 1907 1047 1987 γίγνεσθαι·
1070 1905 1111 1970 τὰ

92 2005 159 2094 ’μὲν
176 2011 240 2096 γὰρ
259 2008 449 2096 ὑπέρχρονιί
466 2032 502 2074 τε
519 2007 714 2080 καλαλώνια
735 2011 817 2095 ὅλην
835 2011 902 2094 ἅμα
921 2013 1009 2095 ἔχειν
1026 2033 1109 2098 παρ-

92 2124 204 2180 οῦσαν
235 2119 297 2200 τήν
328 2140 363 2181 τε
395 2115 516 2182 οὐσίαν
548 2112 676 2181 ἑαυτῶν
708 2115 763 2182 καὶ
791 2118 853 2200 τὴν
882 2117 1027 2201 δύναμιν
1053 2116 1109 2184 καλ

91 2224 157 2306 τὴν
179 2226 368 2308 τελειότητα
390 2233 448 2308 τῆς
471 2222 648 2309 ἐνεργείας,
671 2233 739 2289 πᾶν
762 2220 799 2288 δέ
821 2225 859 2288 τὸ
883 2221 921 2287 ἐν
938 2225 1049 2312 χρόνῳ
1067 2221 1109 2291 όν
1122 2249 1149 2291 ιτ

92 2329 159 2394 οὑκ
187 2332 275 2414 ἐχειν
303 2329 435 2416 ἀθρόαν
464 2330 531 2414 ἅμα
560 2331 622 2414 τὴν
652 2331 779 2395 οἰκείαν
809 2331 895 2414 ζωὴν
921 2340 1110 2416 παροῦσαν·

91 2435 143 2500 ‘el
161 2459 192 2500 τι
217 2438 280 2521 γὰρ
304 2436 473 2523 ἐνχρόνῳ
497 2434 611 2519 ἐστίν’,
635 2440 751 2520 φησίν,
770 2434 846 2501 ’κᾶν
869 2437 917 2514 είς
939 2438 999 2502 τὸν
1018 2439 1109 2503 ἄπει-

91 2566 158 2626 ρον
191 2541 373 2626 ἐκτείνηται
406 2544 545 2628 χρόνον,
577 2545 670 2609 ἔστιν
700 2539 763 2627 μὲν
797 2541 881 2609 ποτέ
915 2541 1013 2631 (ὅσον
1044 2546 1108 2631 γὰρ

92 2651 188 2714 ἐστιν
212 2647 327 2731 αὑτοῦ,
350 2657 449 2713 τοῦτο
473 2651 511 2713 ἐν
529 2671 596 2713 τινι
615 2651 725 2738 χρόνῳ
745 2648 849 2714 ἐστίν·
873 2649 914 2715 οὑ
933 2651 997 2737 γάρ
1017 2649 1109 2717 ἐστιν

91 2756 161 2839 ἅμα
185 2753 203 2819 ὁ
226 2753 372 2840 χρόνος),
395 2757 522 2838 γίνεται
548 2752 578 2819 δ’
607 2752 655 2819 ἐπ’
680 2756 818 2841 ἄπειρον
843 2754 914 2821 ἀλλ’
937 2756 979 2821 οὑ
1002 2755 1149 2824 ποτέζτο

90 2861 202 2938 οὑτως
225 2855 289 2926 οὑν
312 2862 453 2944 γενητὸν
474 2861 512 2926 τὸ
535 2870 602 2926 πᾶν
626 2879 732 2945 φησιν
754 2861 799 2939 ὡς
823 2862 884 2927 οὐκ
908 2861 949 2926 δν
972 2854 1047 2928 οἷον
1068 2864 1106 2930 τὸ
1152 2949 1156 2957 .

92 2966 146 3033 ἀεὶ
165 2970 217 3050 όν,
236 2965 307 3032 ἀλλ’
326 2967 371 3043 ὡς
389 2966 453 3032 ἀνὰ
470 2967 578 3033 πάντα
596 2963 658 3051 μὲν
676 2968 736 3031 τὸν
754 2970 879 3053 χρόνον
896 2970 1107 3054 γιγνόμενον,

91 3074 325 3158 ὑφιστάμενον
349 3071 386 3139 δὲ
409 3071 460 3138 ἀεὶ
483 3069 563 3140 ποτὲ
585 3075 667 3138 κατὰ
689 3075 727 3138 τὸ
751 3073 925 3160 ἐνεστηκὸς
947 3085 1007 3141 τοῦ
1030 3078 1107 3162 χρό-

91 3205 157 3246 νου
181 3179 295 3265 μέρος·
318 3178 373 3245 καλ
397 3180 483 3245 οὕτω
509 3175 546 3245 δὲ
568 3180 671 3245 πάλιν
692 3183 834 3264 γενητόν
856 3198 963 3265 φησιν
982 3183 1020 3247 τὸ
1039 3192 1107 3251 πᾶν

92 3394 270 3478 στάμενον,
289 3393 369 3478 ὅπερ
390 3390 536 3458 ἐστίντὸ
560 3391 718 3479 τέταρτον
740 3403 801 3459 τοῦ
824 3403 966 3478 γενητοῦ
991 3412 1106 3479 σημαι-

90 3502 248 3584 νόμενον,
271 3496 356 3581 λέγοι
381 3499 422 3582 δὴ
446 3500 482 3564 τὸ
505 3496 576 3564 κατ’
600 3501 711 3565 αἰτίαν
733 3503 881 3583 γενητόν.
920 3500 1027 3578 οὕτως
1044 3497 1107 3585 μὲν

89 3601 157 3672 οὑν
179 3604 235 3670 καὶ
259 3604 278 3670 ὁ
303 3607 457 3691 Πρόκλος
478 3608 562 3671 κατὰ
585 3607 647 3678 δύο
671 3609 711 3672 τὰ
733 3606 856 3692 ὕστερα
879 3616 940 3677 τοῦ
964 3617 1106 3692 γενητοῦ

165 3804 191 3853 2.
210 3794 416 3870 προειρημένῳι
433 3803 626 3869 pag.1³8‚20
714 3804 740 3855 4.
761 3799 987 3875 αχριλστοτελοος
999 3799 1038 3854 Ἃ

91 3873 117 3924 λ,
136 3869 268 3934 dmm:
280 3884 346 3936 pag.
362 3873 422 3937 169,
438 3874 509 3940 δοη,
611 3877 652 3928 12.
673 3871 707 3932 τὸ
726 3876 806 3949 (post
825 3873 928 3951 ἀλλὰῆ
943 3893 999 3932 τοο
1012 3871 1054 3928 Ἃ

79 3943 118 3987 28
126 3953 166 4001 sq,
188 3954 239 3988 του
253 3953 341 4003 γένυν
357 3945 584 4020 σημαινρμεγχα]
604 3947 636 4004 Μ
656 3953 708 4023 (01·Ι
728 3954 777 4028 pt)
