2394 4208
711 52 716 67 ·
745 40 764 75 Τ

10 39 840 335 ῳ

55 531 94 586 tx
107 532 136 604 ι]
322 531 371 586 οι
388 530 645 587 mmmm
662 529 784 587 mm
995 533 1059 597 333

54 698 171 771 κακίας
199 697 381 780 φθείρεται.
426 696 463 760 τὸ
493 691 530 760 δὲ
556 702 648 761 θεῶν
677 697 764 761 ἄταν
794 694 892 779 γένος
921 695 1061 760 ἄδεκτον

54 799 97 866 δν
127 805 243 878 κακίας
274 802 414 866 ἄδεκτον
443 796 529 867 εἶναι
558 801 613 867 καί
641 805 831 887 μεταβολῆς.
883 801 945 866 οὐκ
974 802 1060 887 ἄρα’,

53 910 175 990 φησίν,
198 907 422 994 εςιθαρησετοιί
445 929 525 973 ποτε
552 910 588 973 τὸ
616 918 693 991 πᾶν,
716 901 744 994 ᾧ
766 907 870 992 μηδέν
892 906 982 974 ἐστιν
1004 932 1060 973 κα-

55 1016 128 1096 κόν,
151 1014 236 1079 διότι
258 1013 314 1079 καί
332 1013 413 1079 αὐτὸ
431 1017 512 1091 θεός
531 1014 639 1080 ἐστιν’.
672 1016 702 1079 εί
719 1015 756 1079 τὸ
775 1021 867 1078 θεῶν
878 1012 882 1101 λ
894 1016 982 1080 ἄποιν
999 1030 1114 1073 fomur.

56 1120 154 1204 γένος
171 1124 286 1197 κακίας
303 1119 344 1185 δν
362 1121 501 1185 ἄδεκτον
518 1119 572 1185 καί
595 1124 777 1205 μεταβολῆς
800 1119 889 1185 ἐστιν
912 1123 1061 1203 ἄδεκτον,
1088 1147 1101 1188 ι

59 1227 139 1310 ὅπερ
164 1228 227 1311 ἄρα
250 1226 475 1310 ἀμετάβλητον
498 1222 583 1291 εἶναι
606 1226 782 1311 ἀδύνατον,
800 1235 900 1292 τοῦτο
918 1229 982 1312 ἄρα
1000 1227 1061 1292 οὐκ

57 1331 100 1397 ἀν
128 1338 176 1416 είη
204 1335 293 1410 θεός.
340 1331 409 1398 ἐπεὶ
438 1328 501 1398 οὖν
527 1342 594 1398 πᾶν
621 1335 658 1397 τὸ
687 1334 850 1417 αἰσθητὸν
878 1332 895 1398 ὁ
920 1334 1061 1399 Πλάτων

58 1441 238 1523 γινόμενον
269 1435 358 1505 εἷναί
388 1458 492 1523 φησιν
528 1438 582 1504 καί
620 1440 851 1523 ἀπολλύμενον
886 1441 989 1516 ὅντως
1025 1436 1061 1505 δὲ

57 1545 220 1630 μηδέποτε
248 1545 288 1610 όν
315 1545 370 1610 καὶ
399 1546 454 1610 διά
477 1544 652 1611 τοῦτοκαὶ
675 1547 734 1610 τὸν
757 1546 903 1628 οὐρανὸν
924 1544 979 1610 καί
1002 1547 1062 1611 τὸν

58 1655 183 1735 κόσμον
214 1653 376 1735 αἰσθητὸν
406 1653 487 1716 ὄντα
516 1650 707 1736 ἀπεφήνατο
740 1649 870 1738 (μόνοις
901 1654 963 1736 γὰρ
993 1662 1062 1729 τοῖς
1075 1678 1102 1718 ιο

58 1759 244 1834 θειοτάτοις
265 1769 333 1823 τῶν
356 1759 463 1822 όντων
484 1760 663 1842 προσήκειν
686 1759 722 1823 τὸ
746 1759 828 1822 κατὰ
849 1759 889 1821 τά
907 1757 991 1822 αὐτὰ
1007 1757 1062 1823 καὶ

60 1864 215 1940 ὠσαάτως
243 1867 340 1949 ἔχειν,
368 1865 429 1947 τὴν
457 1859 494 1927 δὲ
521 1873 588 1928 τῶν
611 1864 770 1947 σωμάτων
793 1864 897 1948 φύσιν
919 1866 962 1947 μὴ
986 1865 1062 1928 ταύ-

59 1979 117 2054 της
145 1966 230 2036 εἶναι
257 1981 314 2054 της
341 1967 475 2052 τάξεως,
503 1968 573 2035 ἀλλ’
601 1969 638 2034 ἐν
667 1973 830 2056 μεταβολῇ
857 1969 988 2045 πάντως
1015 1967 1062 2046 ἐξ·

61 2075 261 2162 ετάζεσθαι),
291 2075 345 2141 καὶ
374 2076 474 2153 αὐτὸς
497 2073 533 2140 δὲ
557 2075 575 2141 ό
600 2079 767 2161 Πρόκλος,
790 2077 835 2152 ὡς
858 2075 894 2140 ἐν
916 2086 986 2152 τοῖς
1009 2077 1063 2158 ἔμ-

59 2189 210 2268 προσθεν
251 2185 413 2266 ἔγνωμεν,
454 2183 556 2266 ταότη
595 2192 635 2267 τῇ
672 2179 751 2268 δόξη
787 2190 847 2246 τοῦ
884 2182 1064 2258 Πλάτωνος
1077 2206 1103 2247 ιι

58 2288 299 2372 παριστάμενος
339 2287 588 2372 πεπερασμένην
624 2282 708 2353 εἶναι
744 2289 805 2372 την
840 2297 900 2352 τοῦ
936 2291 1062 2371 κόσμου

60 2396 204 2479 δύναμιν
232 2398 369 2478 ἔφησεν,
400 2396 484 2461 διότι
513 2391 617 2478 μηδὲν
647 2406 739 2479 σῶμα
768 2394 906 2479 ἀπείρου
938 2393 1062 2478 μετέχει

61 2502 248 2586 δυνάμεως,
284 2504 345 2586 τὴν
382 2498 419 2566 δὲ
450 2500 700 2586 πεπερασμένην
731 2502 875 2585 δύναμιν
906 2502 1063 2584 φθαρτὴν

60 2604 146 2673 εἶναι
173 2607 228 2673 καὶ
255 2617 352 2673 τοῦτο
381 2606 436 2671 ἀπ’
464 2607 565 2691 αὐτῆς
591 2616 649 2690 τῆς
677 2607 763 2683 ἰδίας
786 2609 918 2691 φύσεως
939 2613 985 2692 τῷ
1008 2608 1062 2670 κό-

60 2733 131 2801 σμῳ
154 2725 341 2799 προσεῖναι,
365 2715 492 2779 τούτων
515 2713 619 2790 οὕτως
642 2711 905 2796 ὡμολογημένων
921 2713 1063 2796 πότερον
1076 2738 1102 2778 το

60 2815 103 2903 ἦν
132 2821 356 2905 εὐλογώτερον
384 2818 419 2884 ἐκ
446 2827 507 2883 τοῦ
535 2820 690 2902 λέγεσθαι
712 2820 796 2884 θεὸν
820 2814 904 2883 εἶναι
927 2819 986 2882 τὸν
1007 2820 1062 2883 κό-

62 2943 148 3009 σμον
170 2927 207 2990 τὸ
231 2922 314 3010 μηδὲ
337 2924 562 3009 ἀμετάβλητον
585 2925 687 2990 αὐτὸν
710 2920 794 2989 εἶναι
817 2923 871 2989 καὶ
891 2925 947 2988 διά
964 2933 1062 2990 τοῦτο

63 3030 145 3116 μηδὲ
170 3030 341 3115 γεγονέναι
364 3034 618 3113 συλλογίζεσθαι
636 3029 690 3095 καί
710 3028 816 3116 ἑαυτῷ
833 3029 888 3094 καὶ
908 3031 1062 3096 Πλάτωνι

61 3137 116 3202 καί
145 3148 184 3223 τῇ
212 3138 352 3223 ἀληθείᾳ
378 3137 541 3220 μάχεσθαι
563 3136 583 3220 ἣ
608 3136 643 3201 ἐκ
665 3145 725 3201 τοῦ
747 3137 951 3220 μεταβλητὸν
977 3132 1062 3202 εἶναι

62 3244 116 3309 καὶ
140 3246 196 3309 διά
218 3253 316 3308 τοῦτο
340 3244 439 3326 φύσει
463 3244 618 3328 φθαρτὸν
635 3251 680 3330 τῷ
699 3245 742 3326 μη
762 3243 900 3327 ἀπείρου
918 3242 1064 3327 μετέχειν
1077 3266 1103 3308 τι

64 3351 235 3435 δυνάμεως
261 3350 298 3413 τὸ
327 3350 411 3413 θεὸν
438 3348 541 3413 αὐτὸν
567 3344 652 3414 εἶναι
676 3350 720 3426 ὡς
742 3346 862 3425 ψευδὲς
885 3347 1063 3433 ἀποκρούε-

65 3464 155 3539 σθαι,
179 3462 269 3540 είπερ
288 3457 325 3519 τὸ
345 3461 437 3519 θεῶν
455 3456 543 3519 ἅπαν
561 3454 670 3538 γένος,
689 3457 734 3532 ὥς
752 3474 865 3538 φησιν,
883 3457 1064 3538 μεταβολῆς

65 3562 154 3628 ἐστιν
184 3563 336 3640 ἄδεκτον;
378 3559 447 3625 ἀλλ’
478 3557 568 3644 οἶμαι
597 3571 660 3638 πᾶς
690 3562 732 3624 ἄν
760 3585 810 3638 τις
839 3563 876 3624 τὸ
907 3561 1064 3645 δεύτερον

138 3761 160 3807 l.
175 3771 238 3823 pag.
250 3760 309 3820 313,
323 3761 354 3807 14
404 3759 428 3807 3.
440 3755 551 3823 φθαρηη
565 3769 640 3806 σεται
650 3752 678 3804 Μ
729 3758 752 3804 6.
764 3752 1075 3822 αμεταβηληλτοοῴιιχ,

65 3825 93 3878 Μ
144 3825 405 3894 7.ειιΙει],οτι,Μ
453 3823 525 3878 Plat.
566 3822 572 3832 '
607 3824 695 3879 ,m
744 3821 876 3878 ιθὶοδ.
895 3821 1017 3891 ηεντχδου
1037 3819 1094 3868 *οἳ

62 3897 191 3961 φθαρτόν
208 3891 279 3948 εἶναι
296 3894 338 3949 vel
352 3894 410 3950 tale
424 3896 494 3966 quid
509 3900 576 3968 post
591 3896 663 3954 ὄντα
678 3897 736 3954 ins.
793 3890 1115 3965 14.m.‘>-3‘10-52³X·
