2394 4208
10 35 909 341 -el

69 538 109 592 VI
123 541 170 612 11]
330 539 379 594 DE
397 538 658 595 AETERNITATE
676 539 803 597 MVNDI
1022 543 1084 608 157

71 702 211 787 γέγονεν
241 703 260 769 6
289 705 412 788 κόσμος
441 702 461 788 ἢ
492 703 548 769 καὶ
576 703 736 788 ἀγένητός
763 703 868 789 ἐστιν,
897 712 997 769 τοῦτο
1020 706 1084 791 γάρ

71 810 201 894 προϊὼν
233 809 364 894 ἐζήτησε
385 813 506 895 ’φήσας
538 810 693 897 ’κότερον
723 806 768 894 ἧν
799 809 850 876 ἀεὶ
881 809 902 895 ἢ
935 810 1086 896 γέγονεν’

72 914 146 982 ἀντὶ
168 925 230 981 τοῦ
254 914 426 1005 άγεΙυήτου
449 918 487 982 τὸ
512 916 562 983 ἀεὶ
586 913 673 983 εἶναι
695 918 966 1002 μεταλαμβάνων.
999 920 1028 984 εί
1043 934 1140 977 (σιντ.

73 1019 136 1089 οὖν
158 1024 197 1088 τὸ
220 1019 283 1108 μὲν
306 1026 447 1108 γενητὸν
468 1026 506 1090 τὸ
531 1025 699 1091 σύνθετον
721 1026 819 1109 δηλοῖ
836 1023 892 1090 καὶ
911 1026 968 1091 διά
985 1034 1084 1091 τοῦτο

73 1128 128 1196 καὶ
159 1131 197 1196 τὸ
231 1129 393 1215 ἀγένητον
425 1130 551 1215 ἀνάγκη
585 1132 712 1216 δηλοῦν
743 1133 780 1197 τὸ
812 1131 1002 1198 ἀσύνθετον
1030 1131 1086 1198 καλ
1112 1159 1126 1199 ε

75 1237 218 1320 διπλοῦν,
247 1235 321 1302 άντλ
350 1234 387 1303 δὲ
413 1248 474 1304 τοῦ
503 1238 666 1323 άγενητου
694 1238 873 1323 μετέλαβεν
900 1238 918 1304 6
944 1240 1087 1305 Πλάτων

74 1345 110 1409 τὸ
134 1342 185 1408 ἀεὶ
209 1339 306 1427 εἶναι,
328 1344 385 1410 καὶ
407 1346 445 1410 τὸ
469 1343 520 1410 ἀεὶ
544 1346 608 1432 ἀρα
631 1341 717 1410 εἶναι
740 1346 778 1410 τὸ
799 1344 988 1411 ἀσύνθετον
1005 1343 1082 1431 παρ’

76 1451 165 1539 αύτῷ
193 1454 355 1535 σημαίνει.
399 1449 455 1517 καλ
482 1455 534 1529 τίς
560 1452 580 1537 ἡ
605 1451 731 1535 ἀνάγκη
755 1461 813 1535 τῆς
835 1454 997 1535 τοσαύτης
1019 1463 1087 1518 τῶν

76 1557 249 1642 ὀνομάτων
278 1557 500 1643 άκυρολογίας
529 1566 576 1646 τῷ
605 1559 777 1642 Πλάτωνι,
806 1556 885 1623 δέον
914 1561 1087 1644 συντόμως

75 1687 109 1729 τε
135 1662 192 1729 καὶ
219 1668 351 1750 κυρίοις
378 1664 506 1742 λέξεσιν
533 1666 595 1748 τὴν
618 1665 745 1729 οἰκείαν
769 1661 993 1748 ἑρμηνεύοντα
1015 1666 1086 1731 διά·
1102 1693 1127 1733 ιο

74 1794 173 1836 νοιαν
201 1772 308 1836 εἰπεῖν
330 1771 485 1857 ζκότερον
512 1771 639 1848 ἁπλοῦς
663 1770 754 1837 ἐστιν
778 1770 796 1836 ὁ
819 1772 942 1855 κόσμος
964 1771 984 1855 ἢ
1008 1773 1088 1837 σύν-

74 1885 175 1955 θετος
203 1876 237 1955 ἐξ
263 1879 347 1962 ὕλης
373 1877 428 1944 καλ
456 1878 594 1958 είδους’;
626 1882 677 1956 τίς
704 1879 767 1964 γάρ
794 1900 874 1942 ποτε
897 1877 1088 1963 ἀνθρώπων

75 1986 112 2050 τὸ
136 1983 188 2050 ἀεὶ
212 1984 253 2049 ὂν
276 1983 350 2050 ἀντὶ
373 1994 434 2050 τοῦ
458 1984 565 2050 ἁπλοῦ
589 1984 644 2050 καὶ
668 1984 857 2050 ἀσυνθέτου
875 1987 1087 2069 μετείληφεν;

75 2091 160 2157 ἀλλά
189 2092 230 2175 δὴ
253 2089 308 2156 καὶ
331 2101 432 2157 τοῦτο
455 2094 738 2176 συγκεχωρήσθω·
768 2093 1088 2175 μεταλαμβανόντων

74 2198 171 2282 ἡμῶν
197 2198 235 2262 τό
262 2221 298 2262 τε
321 2197 372 2263 ἀεὶ
396 2197 437 2262 ὃν
458 2199 507 2275 εἰς
529 2199 567 2262 τὸ
591 2197 781 2263 ἀσύνθετον
802 2196 858 2263 καλ
881 2197 1011 2263 διπλοῦν
1033 2194 1089 2263 καλ
1103 2223 1129 2264 ιτ

75 2304 112 2369 τὸ
146 2307 304 2387 γίνεσθαι
337 2305 385 2382 εἰς
415 2305 452 2369 τὸ
486 2311 700 2388 συγκεῖσθαι,
730 2305 845 2382 καθὼς
874 2302 989 2382 ἔδοξεν
1018 2313 1089 2381 τοῖς

75 2410 166 2488 νέοις
188 2421 256 2475 τῶν
279 2408 452 2494 ὀνομάτων
474 2410 689 2495 νομοθέταις,
717 2413 808 2477 ἔσται
835 2410 873 2475 τὸ
901 2413 1089 2496 συμφραζό·

74 2541 180 2601 μενον
205 2526 273 2582 πᾶν
299 2525 433 2581 τοιοῦτο
462 2516 617 2603 ικότερον
644 2517 771 2594 ἀτελοῦς
798 2516 889 2583 ἐστιν
918 2517 936 2583 6
966 2519 1089 2601 κόσμος

77 2623 268 2700 συνθέσεως
290 2622 397 2709 ἀρχὴν
420 2627 504 2708 ἔχων
527 2625 688 2709 οὐδεμίαν
708 2623 729 2707 ἣ
748 2625 917 2707 σύγκειται
935 2621 969 2700 ἐξ
988 2622 1090 2709 ἀρχῆς

77 2754 168 2808 τινος
201 2728 403 2817 ἀρξάμενοςῖ
450 2728 520 2795 ἀλλ’
549 2727 629 2796 οὐδὲ
660 2721 762 2795 οὕτω
779 2730 881 2794 πάλιν
909 2727 1089 2815 ἐπικρύψω
1103 2759 1130 2799 ιο

79 2839 138 2920 τὴν
156 2837 321 2920 ἀλήθειαν
340 2837 554 2920 δεδύνηνται·
572 2839 603 2902 εί
622 2839 684 2923 γὰρ
703 2834 778 2920 περὶ
798 2838 904 2920 μόνον
927 2844 988 2900 τοῦ
1011 2834 1090 2901 <είτε

82 2942 204 3022 ἀτελοῦς
231 2943 322 3009 ἐστιν
350 2942 367 3009 6
396 2946 518 3028 κόσμος
546 2949 610 3008 εἴτε
638 2942 812 3020 σύνθετος
841 2942 861 3027 ἡ
891 2944 1020 3027 ζήτησις
1045 2939 1090 3028 ην

82 3057 124 3135 τῷ
148 3049 320 3134 Πλάτωνι,
348 3053 383 3114 τί
406 3052 562 3133 βούλεται
587 3050 676 3136 αύτῷ
699 3052 941 3135 προσκείμενον
962 3050 1001 3115 τὸ
1024 3050 1090 3134 ‘ye-

85 3156 198 3234 νέσεως
222 3156 327 3241 ἀρχὴν
350 3159 435 3241 ἔχων
458 3155 645 3242 ούδεμίαν’;
668 3154 723 3220 καὶ
742 3156 843 3220 πάλιν
861 3162 907 3242 τῷ
927 3154 1090 3239 *γέγονεν’

84 3264 116 3322 τί
139 3273 313 3350 προσῆγεν
339 3264 376 3327 τὸ
407 3261 471 3327 ’ἀπ’
500 3262 602 3350 ἀρχῆς
630 3286 722 3340 τινος
751 3260 960 3348 ἀρξάμενος’;
995 3263 1090 3347 ἢρκει
1104 3290 1131 3332 τε

80 3366 142 3455 γὰρ
165 3373 273 3455 μόνον
296 3370 402 3435 εἰπεῖν
426 3369 579 3455 ’κότερον
601 3365 645 3453 ἧν
667 3367 719 3433 ἀεὶ
736 3367 757 3451 ἢ
777 3366 938 3452 γέγονεν’.
975 3365 1018 3432 δι’
1042 3363 1091 3434 ὧν

75 3461 143 3538 0ὗν
169 3480 270 3560 ζητεῖ,
298 3480 363 3539 είτε
391 3473 441 3540 ἀεὶ
469 3475 518 3540 ὢν
546 3473 732 3562 (τουτέστιν
759 3473 886 3552 ἀτελοῦς
908 3473 971 3562 ὥν)
995 3474 1091 3540 οῦδε-

152 3638 175 3688 1,
194 3632 214 3702 ἠ
232 3648 266 3687 ex
285 3650 310 3686 ει
328 3632 358 3686 Μ
447 3653 501 3703 γαρ
519 3633 561 3701 Mi
590 3631 654 3687 fort.
673 3633 721 3687 καλ
812 3638 837 3686 3.
861 3632 1090 3703 μεταλαμβάνων,

43 3717 172 3797 λαβυν
195 3755 331 3808 superscr.
355 3756 383 3792 m
407 3745 437 3807 2,
457 3738 486 3792 Μ
575 3744 601 3792 4.
621 3744 645 3793 5.
668 3758 750 3794 τουτο
774 3717 831 3794 τίτί
845 3739 876 3795 τὸ
900 3715 1048 3810 αγενηδδύ
1061 3739 1100 3794 6.

15 3818 260 3962 lqolplitljfott,
286 3844 337 3897 διά
356 3853 437 3900 τοῦτο
459 3844 640 3919 ἀνάγκηκαὶ
660 3847 692 3906 τὸ
713 3847 874 3927 ἀγένητουη
959 3856 1011 3907 m.
1030 3832 1113 3907 ‹st-&6

58 3924 133 3947 x
194 3916 224 3964 tt.
244 3914 339 3983 emal,
359 3934 399 3968 αν
415 3934 556 3987 εαμεεεον.
577 3940 606 3978 m
629 3930 655 3996 2,
676 3924 709 3983 Μ
771 3935 819 3990 16.
840 3926 992 4005 καδλωλς,
1005 3941 1048 3982 οι
1060 3918 1144 3992 ολδ
