2348 4290
614 360 625 367 -
632 348 783 369 ..a-22¹³?
797 350 840 361 '¹²'

43 597 86 653 v1
100 601 149 674 ιι]
311 600 361 656 οε
380 600 637 657 mmmmm
655 567 777 658 mm
993 604 1055 667 189

44 788 80 829 τε
105 764 302 830 άτλαντικοῦ
320 762 376 829 καὶ
395 769 566 830 πολιτικοῦ
584 767 787 850 πειρώμενος
806 766 986 849 δεικνύναι,
1006 767 1056 830 ότι

46 874 197 955 γενητός·
221 867 323 936 οὐδὲν
345 871 407 956 γὰρ
431 880 585 936 τοιοῦτον
608 870 671 948 ἕξει
695 870 732 936 έν
754 883 824 949 τοῖς
844 874 956 949 ἀλλοις
974 898 1056 957 μαρ-

46 981 215 1063 τύρασθαι
237 978 321 1063 πρὸς
343 978 381 1041 τὸ
405 978 545 1060 γενητὸν
568 973 653 1043 εἶναι
673 977 709 1042 ἐν
728 978 816 1066 αύτῷ
841 982 978 1064 Τιμαίῳ·
1001 978 1055 1043 καὶ

49 1082 152 1149 οὐδὲν
173 1080 274 1167 ἧττον
297 1083 455 1168 ἀγένητος
478 1081 546 1148 κατ’
575 1084 697 1161 αὐτούς
720 1084 738 1150 6
762 1087 895 1168 κόσμος·
927 1097 996 1162 πῶς
1019 1082 1056 1149 δδ

49 1189 209 1274 ἀγένητος
240 1189 295 1255 καὶ
327 1191 384 1255 διά
410 1194 502 1267 τίνας
529 1191 635 1266 αἰτίας
663 1189 750 1273 λέγει
779 1191 882 1255 αὐτὸν
907 1195 1056 1274 γενητόν,
1084 1213 1096 1253 5

51 1304 186 1381 είρηται.
240 1297 327 1362 καθὸ
360 1292 421 1380 μὲν
453 1291 516 1360 οὖν
545 1297 686 1380 γενητὸν
718 1297 821 1362 αὐτὸν
852 1298 1056 1377 ὑποτίθεται,

51 1406 225 1488 ἄφθαρτος
244 1405 333 1467 ἔσται
352 1404 408 1467 διά
424 1403 484 1466 τὸν
502 1405 595 1486 θεόν,
613 1404 699 1467 καθὸ
720 1400 757 1468 δὲ
776 1402 936 1487 ἀγένητον
955 1399 1057 1486 οἶδεν,

52 1512 227 1592 άφθαρτος
254 1511 343 1573 ἔσται
371 1508 426 1572 διὰ
452 1511 513 1593 τὴν
540 1509 643 1573 αὑτοῦ
671 1510 785 1592 φύσιν,
813 1511 857 1586 ὡς
879 1508 934 1573 καί
956 1503 1057 1573 τᾶλλα

53 1618 159 1680 πάντα
182 1613 322 1698 ἀγένητα
345 1616 502 1699 ἀφθαρτά
525 1614 633 1680 ἐστιν’.
669 1611 851 1698 ταῦταμὲν
869 1610 980 1692 οὗτος·
1003 1614 1057 1680 καὶ

55 1721 71 1784 6
96 1722 295 1806 Πορφύριος
317 1717 355 1784 δὲ
377 1719 431 1785 καὶ
455 1722 487 1785 ολ
506 1718 578 1805 ἑξῆς
596 1722 716 1798 πάντες
733 1721 826 1805 μέχρι
845 1721 945 1804 δεῦρο
964 1743 1059 1804 γενη-
1072 1745 1098 1785 ιο

54 1832 111 1892 τόν
135 1846 240 1911 φασιν
262 1829 343 1892 κατά
365 1830 487 1912 χρόνον
510 1826 542 1904 έξ
565 1827 755 1904 ὑποθέσεως
777 1828 866 1911 παρὰ
887 1836 948 1891 τοῦ
970 1828 1060 1890 Πλά-

56 1959 159 2012 τωνος
182 1933 336 2017 λέγεσθαι
363 1935 423 1998 τὸν
444 1937 569 2017 κόσμον
590 1943 651 1999 τοῦ
674 1943 803 2018 σαφοῦς
826 1943 882 2016 τῆς
905 1934 1059 1998 διδασκα-

57 2045 126 2119 λίας
158 2039 280 2106 ἕνεκεν.
333 2040 447 2124 μηδεὶς
479 2037 515 2105 δδ
546 2041 626 2125 ἡμῖν
657 2041 854 2125 ἀδολεσχίαν
886 2039 1059 2123 έγκαλείτω

57 2147 127 2233 περὶ
152 2150 233 2224 τοὺς
256 2146 408 2231 ἐλέγχους
435 2159 502 2212 τῶν
528 2149 689 2213 τοιούτων
717 2147 994 2231 ένδιατρίβουσιν·
1031 2147 1060 2210 εἰ

58 2252 115 2335 μὲν
144 2255 208 2336 γάρ
237 2277 302 2318 τινι
324 2254 467 2330 πιθανὸς
489 2265 556 2317 τῶν
579 2253 760 2338 εἰρημένων
783 2278 832 2331 τις
854 2256 953 2336 λόγος
976 2247 1061 2316 εἶναι
1075 2277 1100 2318 ιτ

59 2361 193 2443 δόξειεν,
222 2359 409 2436 ἀκόλουθος
435 2360 542 2443 δήπου
570 2359 623 2425 καὶ
657 2361 675 2426 6
707 2358 782 2444 παρ’
809 2360 902 2444 ἡμῶν
931 2360 1061 2435 πάντως

60 2470 203 2550 ἔλεγχος·
232 2466 261 2530 ελ
289 2465 327 2530 δέ
351 2490 400 2542 τις
425 2464 592 2530 ἀπιθανον
615 2469 675 2550 τὴν
697 2467 862 2531 ὑπόθεσιν
885 2470 1061 2548 νομίσειεν,

61 2573 117 2657 οὐχ
141 2573 159 2638 ὁ
184 2574 245 2636 τὸν
268 2573 391 2657 στάχυν
411 2576 553 2657 θερίζων
576 2571 645 2637 ἀλλ’
664 2573 682 2638 6
701 2578 836 2658 σπείρας
853 2573 983 2648 πάντως
1001 2579 1061 2634 τοῦ

62 2684 204 2761 θερίζειν
228 2676 318 2742 ἐστὶν
340 2683 455 2755 αἴτιος·
477 2677 532 2742 καὶ
554 2679 591 2742 τὸ
615 2681 703 2765 ἀλλςο
727 2675 764 2743 δὲ
787 2679 954 2743 ἀπίθανον
977 2673 1061 2742 εἶναι

64 2786 159 2861 δόξαν
183 2783 298 2868 ἑτέρου
321 2785 477 2861 πολλάκις
499 2785 543 2861 ὡς
565 2786 712 2850 πιθανὸν
730 2795 787 2868 τῆς
810 2786 959 2860 διανοίας
981 2789 1062 2847 καθ·
1078 2808 1104 2846 το

64 2895 174 2972 ηνατο.
222 2891 273 2954 δελ
301 2885 336 2954 δὲ
363 2891 468 2973 πάσης
491 2891 496 2974 Ι
522 2890 685 2975 ὀχλήσεως
712 2890 894 2977 ἐλευθέραν
922 2890 1002 2973 ἡμῖν
1020 2905 1115 2945 town

67 2995 301 3080 ἀναδειχθῆναι
332 2998 393 3078 τὴν
422 2996 588 3081 ἀλήθειαν.
639 3000 668 3062 εί
697 3002 814 3062 τοίνυν
844 2998 888 3073 ὡς
917 2995 954 3060 έν
983 2996 1063 3060 ὑπο-

69 3104 153 3167 θέσει
180 3102 264 3165 κατά
291 3102 410 3184 χρόνον
437 3103 607 3186 γεγονέναι
635 3105 694 3167 τὸν
720 3106 845 3186 κόσμον
875 3103 893 3167 6
922 3105 1064 3166 Πλάτων

72 3208 167 3289 φησὶν
194 3207 236 3271 (εἰ
264 3205 318 3270 καὶ
346 3206 500 3291 ἀγένητός
527 3209 626 3275 ἐστιν’
657 3208 699 3273 δι’
728 3209 928 3273 ἁστινασοῦν
960 3211 1065 3284 αἰτίας

10 3354 12 3365 .
72 3323 161 3377 τοῦτο
189 3312 442 3397 ὑποτιθέμενος,
468 3318 518 3392 τίς
540 3311 582 3399 ἢν
604 3327 671 3381 τῶν
693 3326 829 3399 μακρῶν
852 3315 987 3379 ἐκείνων
1010 3317 1066 3395 λη’·
1080 3337 1105 3377 ιε

75 3441 135 3497 ρων
157 3419 270 3495 αὐτοῖς
292 3420 331 3481 τά
357 3423 461 3484 πολλὰ
486 3431 546 3486 τοῦ
574 3431 713 3506 γενητοῦ
742 3425 965 3505 σημαινόμενα
991 3442 1065 3483 κατ-

77 3523 339 3607 αριθμουμένοιςς
367 3527 395 3590 εί
417 3529 478 3612 γὰρ
502 3528 668 3611 εὐσεβείας
691 3527 711 3610 ἢ
735 3528 948 3602 διδασκαλίας
971 3526 1066 3610 χάριν

145 3757 167 3803 l.
186 3752 366 3805 ἀντλαντικοο
384 3752 412 3805 Μ
481 3774 643 3823 πειρομενος
661 3756 690 3809 Μ
770 3762 794 3808 3.
814 3756 888 3808 αὐτῶ
908 3754 1067 3821 suspectum

145 3827 185 3874 ¹5·
203 3824 334 3890 arwam
351 3821 378 3874 Μ
438 3832 478 3880 16.
492 3827 655 3889 ἀκολούθως
668 3825 746 3880 Kroll
808 3833 849 3878 24,
870 3810 886 3892 ἣ
906 3824 953 3877 καλ
973 3818 1069 3891 ἀγενίς

84 3884 149 3967 ἔστιν
161 3890 231 3945 Plat.
245 3890 316 3945 Tim.
331 3892 389 3947 270
441 3902 481 3951 25.
500 3915 544 3951 τισ
581 3918 597 3952 ν
614 3899 656 3970 Μ]
674 3896 716 3960 τίς
734 3897 751 3968 ἡ
770 3901 814 3970 pt3
834 3894 876 3963 τίς
894 3888 930 3968 ἦν
951 3893 1078 3970 (χρόα)

85 3953 246 4015 Bnnkmm
263 3962 307 4030 (cf,
326 3963 405 4017 afim
421 3973 478 4033 190,
494 3974 528 4023 26
546 3918 578 4023 τί
590 3966 643 4026 ούν
660 3969 728 4044 ἔδει)
