2394 4208
58 566 84 620 x
99 569 128 639 ι]
321 567 370 622 ου
388 566 646 623 mmmmm
663 565 786 622 mm
998 565 1065 630 399

57 726 138 794 οὐδὲ
165 727 268 814 λήξει·
305 730 360 796 καὶ
388 732 450 817 γάρ
479 732 509 796 εί
536 731 597 815 τήν
625 731 785 815 τεχνητήν
815 739 962 815 σφαῖραν
990 720 1065 794 οἷον

55 839 117 919 τήν
141 835 280 923 Ἀράτου
308 838 511 923 κινουμένην
537 861 588 915 τις
614 842 746 922 νοήσειε
772 836 828 903 καὶ
855 837 997 921 μάλιστα
1019 836 1063 918 μή

57 941 224 1028 ἑωρακώς,
251 947 330 1008 πότε
358 954 418 1009 τοῦ
441 951 608 1010 κινεῖσθαι
631 942 767 1030 ήρξατο,
794 945 872 1009 οὔτε
895 942 1000 1030 άρχήν
1022 939 1065 1006 άν

55 1060 113 1133 τῆς
143 1053 303 1134 κινήσεως
333 1050 434 1135 αὐτῆς
465 1053 571 1116 εἰπεῖν
600 1054 665 1135 ἔχει
696 1052 772 1116 οὔτε
800 1049 909 1132 τέλος,
939 1047 995 1114 καί
1022 1048 1063 1113 ού

57 1157 166 1240 δήπου
194 1158 250 1221 διδ
277 1166 376 1223 τοῦτο
404 1159 547 1243 άναρχός
575 1157 665 1223 ἐστιν
689 1158 709 1240 ἡ
733 1160 863 1240 κίνησις
886 1152 1064 1240 αὐτῆςναί
1091 1176 1106 1218 ο

56 1262 277 1346 άτελεύτητος.
323 1267 359 1328 τί
384 1258 447 1329 οὖν
473 1266 669 1348 θαυμαστὸν
698 1262 753 1327 καὶ
784 1262 837 1328 ἐπὶ
867 1273 935 1327 τῶν
964 1261 1064 1348 οὐρα-

56 1372 140 1433 νίων
171 1369 226 1434 καὶ
257 1371 392 1435 πάντων
423 1381 491 1434 τῶν
522 1372 632 1457 κύκλῳ
664 1367 873 1453 κινουμένων
904 1370 948 1453 μή
978 1363 1064 1432 εἶναι

56 1472 118 1560 μὲν
155 1479 280 1561 λαβεῖν,
319 1476 403 1542 ὅθεν
437 1476 578 1563 ήρξαντο
612 1486 673 1541 τοῦ
705 1482 874 1541 κινεῖσθαι
912 1466 1002 1562 (οἷον
1034 1475 1063 1539 εἰ

56 1584 151 1667 τύχοι
175 1582 226 1648 ὅτι
251 1580 323 1670 ι’ήπὸ
347 1592 444 1670 κριοῦ
467 1582 487 1667 ή
512 1583 576 1649 ἀπὸ
601 1585 703 1648 άλλου
726 1581 844 1669 τινός),
867 1582 924 1646 διά
946 1581 983 1646 τὸ
1008 1598 1117 1638 temr-

56 1690 101 1766 ὡς
126 1685 221 1754 εἶπον
242 1693 456 1775 πανταχόθεν
479 1690 634 1775 ἀλλήλοις
657 1688 887 1774 ἐπισυνῆφθαι
914 1689 955 1752 τά
981 1687 1062 1774 μέρη
1078 1712 1106 1752 ιο

55 1793 111 1860 καὶ
134 1796 191 1860 διά
213 1805 311 1861 τοῦτο
334 1793 439 1881 μηδὲν
462 1792 548 1862 είναι
570 1797 607 1862 τὸ
631 1797 768 1881 πρώτως
795 1794 980 1882 ἀρχόμενον
1006 1803 1065 1877 τῆς

56 1906 217 1986 κινήσεως
240 1901 310 1967 ἀλλ’
334 1905 400 1987 άμα
422 1904 531 1968 πάντα
552 1902 607 1968 καὶ
631 1904 792 1988 άρχεσθαι
811 1900 867 1966 καὶ
885 1902 1064 1983 παύεσθαι,

55 2005 143 2074 εἶναι
167 2008 280 2093 μέντοι
304 2011 379 2075 τινά
401 2011 526 2096 χρόνου
545 2009 661 2095 ἀρχήν,
680 2007 737 2093 ἀφ’
757 2002 798 2073 οὗ
816 2017 877 2072 τοῦ
895 2013 1063 2072 κινεῖσθαι

54 2114 190 2200 ήρξατο;
227 2117 256 2180 εί
284 2117 347 2202 γὰρ
374 2117 419 2201 μή
447 2121 497 2200 είή
525 2117 562 2180 τὸ
590 2125 657 2180 πᾶν
685 2114 857 2199 ἀγένητον,
880 2114 985 2199 άρχήν
1006 2124 1065 2198 τῆς

53 2230 116 2286 τοῦ
141 2221 288 2307 ούρανοῦ
312 2224 500 2299 συστάσεως
522 2224 688 2306 λαβούσης
711 2221 816 2308 άρχήν
835 2222 991 2304 δηλονότι
1009 2219 1064 2284 καὶ
1078 2238 1108 2285 ιτ·

53 2328 75 2410 ή
100 2329 221 2394 τούτου
242 2333 371 2413 κίνησις
390 2327 468 2406 ἔξει·
505 2329 588 2394 ὥστε
610 2332 681 2413 καί,
704 2330 733 2393 εί
756 2331 977 2414 φθαρήσεται,
998 2328 1065 2410 άμα

52 2444 95 2519 τῇ
126 2444 185 2499 τοῦ
216 2435 364 2521 οὐρανοῦ
394 2442 511 2522 φθορᾷ
541 2435 596 2500 καὶ
622 2437 684 2520 τήν
711 2439 844 2518 κίνησιν
870 2435 1064 2498 παύσασθαι

55 2540 192 2625 ἀνάγκη.
252 2543 391 2627 οὐδεμία
426 2541 540 2627 μέντοι
577 2542 701 2626 ἀνάγκη
740 2545 893 2625 φαίνεται
930 2541 966 2606 τὸ
1004 2541 1064 2624 τήν

54 2649 167 2731 κύκλῳ
203 2652 336 2732 κίνησιν
372 2645 416 2711 δι’
454 2647 533 2712 αὐτὸ
570 2648 607 2711 τὸ
644 2648 755 2734 κύκλῳ
787 2651 867 2732 μήτε
899 2645 1067 2732 ἄρξασθαί

54 2775 135 2817 ποτε
163 2761 223 2817 τοῦ
252 2749 337 2818 εἶναι
365 2755 444 2837 μήτε
471 2753 669 2818 παύσεσθαι.
715 2755 744 2818 εί
768 2749 805 2817 δὲ
826 2763 899 2830 ταῖς
917 2751 1063 2837 Ἀριστο-
1078 2776 1106 2817 ιο

54 2859 172 2936 τέλους
196 2858 439 2946 ίπιχειρήσεσιν
462 2859 707 2944 ίπερειδόμενοι
730 2861 876 2945 ἄναρχον
895 2854 984 2924 εἶναι’
1000 2883 1062 2943 φα-

55 2984 113 3031 σιν
135 2965 190 3030 καὶ
214 2965 429 3049 ἀτελεύτητον
451 2968 512 3049 τήν
535 2966 645 3053 κύκλῳ
669 2969 813 3050 κίνησιν,
836 2966 1004 3050 ὀψόμεθα,
1033 2972 1068 3031 εί

54 3097 106 3150 τις
130 3070 267 3137 ἐκείνων
288 3083 356 3136 τῶν
374 3075 484 3156 λόγων
502 3075 567 3157 ἔχει
586 3074 623 3137 τὸ
643 3072 836 3156 ἀναγκαῖον,
855 3071 960 3137 ἐκεῖσε
978 3080 1063 3139 θεοῦ

55 3179 211 3254 διδόντος
238 3181 423 3263 γινόμενοι·
460 3178 600 3263 οὐδεμία
627 3181 689 3264 γάρ
717 3188 782 3244 νῦν
810 3178 919 3245 ἐκεῖνα
941 3180 1063 3263 γυμνά-

55 3289 124 3364 ζειν
148 3285 272 3369 ἀνάγκη
296 3282 400 3369 μηδὲν
422 3294 578 3352 τοιοῦτον
601 3285 638 3351 ἐν
660 3295 730 3362 τοῖς
754 3286 853 3363 ίδίοις
872 3288 985 3368 λόγοις
1003 3294 1063 3351 τοῦ
1077 3307 1103 3349 τε

56 3393 250 3476 φιλοσόφου
273 3395 517 3477 προτείναντος.
560 3396 748 3476 ζητήσωμεν
770 3388 808 3456 δὲ
830 3395 900 3475 καί,
923 3396 959 3455 εί
976 3389 1064 3469 τινές

55 3500 144 3563 εἰσιν
171 3499 281 3581 λόγοι,
309 3496 352 3562 δι’
382 3492 430 3563 ὧν
453 3498 497 3575 ὡς
521 3499 581 3583 ούχ
605 3490 679 3563 οίόν
701 3521 736 3562 τε
760 3497 872 3562 ἀίδιον
894 3492 979 3562 εἶναι
1003 3499 1064 3580 τήν

54 3606 166 3691 κύκλῳ
203 3607 336 3688 κίνησιν
372 3602 532 3688 δείξομεν.
586 3613 651 3668 νῦν
688 3601 725 3669 δὲ
760 3612 923 3669 τοσοῦτον
958 3606 1064 3688 μόνον

129 3802 152 3850 1.
172 3795 197 3849 ελ
215 3796 259 3867 pt]
277 3795 296 3865 ή
314 3795 343 3848 M
413 3815 540 3866 τεχνίτην
558 3795 587 3848 M
606 3798 653 3865 (cr.
673 3799 714 3867 pt)
787 3802 813 3850 θ.
826 3796 1076 3866 κινουμευχηυΧᾺ

127 3873 152 3920 4,
172 3885 269 3927 κιοειος
284 3867 315 3918 Μ
385 3865 443 3938 ἔχοι
460 3869 495 3938 pt
568 3872 610 3924 10.
629 3885 698 3942 pag.
714 3873 814 3940 5284
877 3872 927 3921 m.
946 3862 1100 3934 χοανῦΧνΧε

47 3953 83 3988 οι
100 3956 123 4001 ν,
142 3936 177 3986 Μ
244 3942 285 3990 17.
305 3938 485 4014 παυσατήύο.
507 3941 674 4018 νοτεήοθαι
689 3942 726 3999 M
