2394 4208
10 39 844 342 -
922 140 945 187 ὁ..

80 543 108 597 V
123 548 150 598 ό.
168 541 220 616 vl]
361 542 410 596 DE
428 542 686 597 AETERNITATE
704 541 825 597 MVNDI
1028 544 1090 608 119

77 707 252 794 αὐτοζῷον
278 705 341 772 οὐκ
368 704 405 771 ἐν
431 708 539 794 τούτῳ
566 707 603 770 τὸ
632 701 717 770 εἶναι
745 708 823 791 ἔχον
851 705 887 771 ἐν
913 714 959 793 τῷ
986 708 1091 791 καρύ-

79 814 203 897 δειγμα
226 808 312 878 εἶναι
330 822 390 878 τοῦ
408 815 546 897 κόσμου,
566 811 638 877 οὐδ’
661 812 679 878 6
697 814 890 898 μετρητικὸς
908 815 972 899 ἄρα
989 815 1091 897 <τῆς>

76 929 145 986 τοῦ
172 919 341 1006 αὐτοζρόου
369 923 451 1004 ζωῆς
477 921 562 984 αλὼν
590 917 626 983 ἐν
653 921 758 1006 τούτῳ
787 918 850 997 ἔξει
877 921 915 984 τὸ
943 915 1029 985 εἶναι
1053 919 1090 986 ἐν

78 1035 129 1115 τῷ
157 1022 243 1092 εἶναι
271 1035 331 1091 τοῦ
358 1029 482 1112 χρόνου
510 1027 731 1111 παράδειγμα·
758 1027 787 1090 εἰ
811 1028 873 1111 γὰρ
897 1027 941 1103 ὡς
964 1026 982 1092 ὁ
1006 1029 1090 1092 αἰὼν

76 1135 166 1218 πρὸς
184 1135 221 1199 τὸ
241 1133 409 1221 αύτοζῷον
427 1133 515 1198 ούτοι
533 1132 588 1198 καὶ
607 1133 625 1199 ὁ
644 1136 764 1219 χρόνος
781 1134 864 1219 πρὸς
883 1134 943 1196 τὸν
963 1134 1090 1217 κόσμον
1115 1158 1131 1200 τ

79 1243 165 1325 ἔχει,
201 1238 256 1305 καὶ
288 1238 426 1317 ἐναλλὰξ
459 1241 522 1325 ἄρα
558 1237 608 1316 ὡς’
636 1241 673 1303 τὸ
710 1239 878 1327 αὐτοζῷον
915 1240 998 1324 πρὸς
1029 1241 1089 1304 τὸν

72 1349 211 1430 κόσμον
233 1347 319 1412 οὕτω
342 1345 397 1411 καὶ
420 1344 439 1412 6
463 1347 546 1411 αἰὼν
568 1347 651 1431 πρὸς
673 1347 733 1410 τὸν
755 1347 879 1431 χρόνον
901 1344 978 1423 ἕξει·
1006 1345 1089 1412 ἐδεί-

76 1453 184 1537 ξαμεν
211 1451 241 1516 δ’
268 1452 306 1518 ἐν
333 1451 484 1535 ἐκείνοις,
512 1453 557 1530 όις
584 1452 646 1517 οὐκ
673 1451 797 1535 ἀνάγκη
826 1461 886 1517 τοῦ
918 1451 1087 1541 αὐτοζρόου

71 1557 135 1623 καλ
160 1559 245 1636 ὅλως
266 1568 326 1624 τοῦ
349 1568 510 1643 κοσμικοῦ
533 1559 797 1643 παραδείγματος
815 1559 911 1634 ὄντος
929 1554 1015 1624 εἶναι
1033 1559 1088 1625 καλ

70 1666 140 1730 τὸν
163 1668 302 1749 κόσμον·
330 1663 403 1730 οὐδ’
426 1667 490 1750 ύρα
511 1673 571 1730 τοῦ
596 1666 716 1740 αἰῶνος
739 1665 835 1739 ὄντος
858 1663 983 1748 ἀνάγκη
1007 1668 1088 1731 πάν·
1102 1692 1129 1730 ιο

72 1795 144 1849 τως
166 1770 221 1835 καλ
244 1773 304 1836 τὸν
326 1773 449 1856 χρόνον
471 1766 565 1837 εἶναι.

333 1876 434 1956 Τέλος
455 1879 580 1954 λύσεως
602 1885 662 1941 τοῦ
685 1874 714 1940 ε’
737 1878 849 1958 λόγου.

227 2282 233 2370 Ι
260 2288 443 2370 Πρόκλου
467 2286 655 2369 διαδόχου
680 2288 796 2368 λόγος
823 2284 940 2361 ἕκτος.
1033 2301 1138 2344 τουτον.

122 2407 279 2486 κἽιλιτος·
302 2411 331 2474 εἰ
350 2409 368 2475 6
387 2410 591 2496 δημιουργὸς
608 2412 711 2493 μόνος
729 2409 943 2494 (συνέδησεν,
961 2411 1086 2492 μόνος)

68 2515 120 2581 ἂν
144 2517 241 2581 λύσοι
265 2517 324 2579 τὸν
341 2518 479 2599 κόσμον·
504 2517 624 2592 ότλυτος
642 2517 705 2600 γάρ
725 2514 816 2580 ἐστιν
833 2516 950 2601 πάντη,
969 2519 1084 2599 φησίν,
1099 2543 1125 2584 ιτ

71 2624 166 2705 πλὴν
197 2631 257 2688 τοῦ
290 2623 530 2705 συνδήσαντος·
562 2620 616 2686 καὶ
649 2624 712 2707 γὰρ
741 2630 910 2706 πανταχοῦ
937 2631 997 2687 τοῦ
1025 2623 1086 2686 τὸν

73 2730 204 2813 δεσμὸν
231 2730 358 2806 εἰδότος
381 2727 471 2794 ἐστὶν
494 2726 618 2793 εἰδέναι
641 2727 695 2793 καλ
718 2730 780 2813 τὴν
801 2729 901 2794 λύσιν
924 2722 965 2793 οὗ
989 2726 1085 2792 συνό-

72 2837 193 2919 δησεν·
216 2845 277 2900 τοῦ
301 2832 337 2900 δὲ
361 2836 489 2911 εἰδότος
511 2836 572 2917 τὴν
595 2836 693 2899 λύσιν
715 2836 752 2899 τὸ
776 2836 878 2899 λύειν.
925 2834 942 2899 6
967 2831 1004 2899 δὲ
1028 2836 1086 2919 δη-

71 2944 239 3028 μιουργὸς
267 2942 328 3007 οὐκ
355 2941 398 3006 ἂν
420 2943 516 3007 λύσοι
540 2942 599 3006 τὸν
622 2944 760 3024 κόσμον·
784 2940 884 3017 αὐτὸς
906 2942 968 3026 γάρ
993 2941 1085 3007 ε’στιν

74 3051 94 3116 6
122 3049 232 3133 λέγων
259 3050 310 3114 ὅτι
338 3048 387 3112 ’τὸ
414 3052 522 3125 καλῶς
550 3044 721 3132 ἁρμοσθδν
748 3045 803 3111 καὶ
826 3049 904 3131 ἔχον
926 3042 964 3111 εὖ
987 3050 1082 3113 λύειν
1095 3075 1123 3115 ιο

72 3155 210 3223 ἐθέλειν
240 3155 365 3220 κακοῦ’.
419 3155 523 3219 κακὸν
555 3151 591 3219 δὲ
623 3153 793 3238 ἀμήχανον
829 3151 987 3235 γενέσθαι
1023 3156 1084 3219 τὸν

70 3266 182 3339 ὄντως
209 3261 353 3344 ἀγαθόν·
381 3260 549 3325 ἀδύνατον
575 3264 722 3343 λυθῆναι
749 3260 809 3322 τὸν
835 3261 975 3343 κόσμον·
1005 3261 1083 3326 οὔτε

70 3372 139 3455 γὰρ
159 3365 215 3433 ὑπ’
239 3369 341 3431 ἄλλον
360 3368 462 3450 τινός,
481 3367 567 3432 διότι
586 3368 677 3453 μόνῳ
697 3373 743 3453 τῷ
767 3366 960 3453 δημιουργῷ
983 3371 1084 3430 λῦσαι

148 3600 172 3648 2.
191 3602 241 3664 τῆς
259 3593 322 3647 add.
388 3599 429 3647 14.
449 3592 606 3663 συνέδησεν,
621 3591 706 3662 μόνος
720 3593 784 3647 add.
857 3600 898 3648 15.
917 3612 1021 3663 παντηι

70 3666 131 3722 διὸ
151 3673 206 3720 τῶν
224 3665 312 3719 ἄλλων
331 3663 406 3717 infra
425 3669 489 3732 1³1,
508 3669 541 3718 27
566 3664 610 3735 (cf.
630 3665 701 3719 Plat.
722 3664 791 3718 Tim.
812 3664 881 3733 320)
973 3670 1013 3719 18.
1037 3593 1081 3738 δύ]

69 3790 124 3827 του
143 3770 173 3824 Μ
235 3777 276 3824 19,
291 3775 333 3823 20.
352 3769 382 3822 M
400 3787 428 3822 m
448 3777 461 3822 1
481 3769 511 3824 in
529 3787 630 3841 marga
649 3790 680 3825 το
699 3738 750 3824 suff
770 3771 885 3838 ενδοξον
946 3776 994 3828 ⁴26.
1008 3771 1092 3828 mk..

69 3843 146 3897 Tim
165 3841 259 3895 41AB
347 3840 379 3892 ef.
403 3839 477 3894 infra
498 3840 545 3896 [ολ
562 3847 648 3898 mv.
670 3849 754 3902 2471.
848 3852 895 3904 ⁶21.
918 3866 971 3904 τον
992 3847 1030 3904 R
1052 3844 1107 3919 Καὶ.

64 3919 128 3974 128,
146 3916 187 3960 17.
208 3915 265 3972 τοι,
289 3909 329 3976 7)]
344 3927 374 3960 τα
392 3915 452 3978 ικε,
474 3917 491 3966 ο
565 3921 609 3972 22.
631 3917 697 3978 fort.
718 3920 872 3984 ἀδύνατον
893 3921 1006 4001 <ἄρα>
