2394 4208
10 35 881 341 -·

77 543 118 598 VI
133 548 174 603 17,
190 545 235 616 18]
352 542 401 598 DE
419 541 677 599 AETERNITATE
695 540 817 596 MVNDI
1026 541 1090 608 173

76 704 135 771 καὶ
156 703 234 771 καθ’
262 705 326 771 ὅσα
348 706 431 771 ἄλλα
453 715 513 771 τοῦ
536 714 677 790 γενητοῦ
701 706 927 790 σημαινόμενα
954 723 1090 790 προστι-

77 810 209 878 θέασιν.
245 809 301 876 καὶ
320 805 416 896 οἶμαί
430 835 468 895 γε
486 813 524 878 τὸ
547 813 654 889 οὑτως
677 812 801 900 ῥηιδίως
824 811 946 888 αὐτοὺς
969 813 1086 877 ἄλλοτε

79 916 128 984 ἐπ’
152 920 237 983 ἄλλα
259 920 485 1002 σημαινόμενα
502 921 715 1003 μεταβαίνειν
732 921 912 1005 τεκμήριον
929 915 1089 1002 μέγιστόν

79 1024 173 1091 ἐστιν
199 1034 260 1090 τοῦ
287 1027 404 1108 βιαίως
431 1025 554 1103 αὐτοὺς
581 1024 776 1111 ἐκδέχεσθαι
803 1026 844 1090 τδ
870 1034 930 1090 τοῦ
955 1026 1093 1091 Πλάτω-

79 1150 153 1209 νος·
185 1132 303 1197 διόλου
331 1133 395 1217 γὰρ
424 1132 581 1197 Πλάτωνι
611 1142 806 1217 συμφωνεῖν
833 1129 930 1197 αὐτοὶ
963 1130 1095 1210 ἑαυτοῖς
1121 1156 1135 1198 τ

79 1236 159 1303 καθ’
187 1238 225 1303 ἓν
251 1246 312 1302 τοῦ
339 1246 481 1321 γενητοῦ
509 1241 757 1323 σημαινόμενον
779 1240 823 1324 μὴ
847 1238 1029 1323 δυνάμενοι
1053 1240 1091 1303 τὸ

80 1349 281 1410 λυσιτελοῦν
308 1344 422 1422 αὑτοῖς
448 1342 527 1410 καθ’
555 1344 695 1410 ἕκαστον
722 1349 827 1411 τόπον
854 1346 1094 1430 λαμβάνουσιν.

80 1453 252 1537 δεύτερον,
275 1452 305 1516 εἰ
327 1451 372 1542 τὸ,
388 1450 562 1535 γεγονέναι
585 1452 646 1517 τὸν
667 1453 795 1536 κόσμον
818 1451 880 1516 οὐκ
904 1451 1009 1537 ἀρχὴν
1032 1461 1093 1517 τοῦ

81 1554 169 1624 εἶναι
202 1561 290 1643 ἔχειν
321 1558 419 1641 δηλοῖ
450 1556 534 1622 ἀλλὰ
565 1559 603 1622 τὸ
633 1556 669 1622 ἐκ
699 1564 783 1622 θεοῦ
816 1559 877 1640 την
906 1557 1095 1623 ὑπόστασιν

82 1668 173 1750 ἔχειν
194 1663 249 1730 καὶ
272 1666 316 1750 μη
339 1664 443 1729 αὑτὸν
463 1665 467 1750 Ι
487 1674 546 1750 τῆς
572 1664 784 1742 ὑποστάσεως
812 1664 916 1729 αὑτοῦ
945 1658 1033 1729 εἶναι
1048 1682 1148 1722 ιοιτοτ

81 1776 203 1853 αἴτιον,
222 1771 290 1836 ἔδει
309 1770 390 1836 αὐτό
410 1795 448 1855 γε
465 1781 565 1837 τοῦτο
585 1772 900 1858 διαρρηδηνείπεῖν
919 1771 1094 1854 Πλάτωνα,
1109 1797 1135 1836 11

80 1881 227 1963 πότερον
253 1876 289 1942 έκ
316 1883 401 1943 θεοῦ
429 1876 552 1963 ὑπέστη
578 1878 595 1944 δ
619 1882 743 1963 κόσμος
765 1877 785 1961 ἢ
809 1878 866 1961 οὑ,
888 1877 926 1942 τὸ
950 1878 1097 1961 πολὺση-

81 2008 150 2069 μον
177 1993 234 2068 τῆς
261 1992 321 2049 τοῦ
351 1993 492 2068 γενητοῦ
525 1995 641 2069 φωνῆς
673 1986 930 2070 διεκφεόγοντα,
962 1984 1019 2048 ἵνα
1052 1985 1096 2068 μη

83 2089 276 2174 ἀμφίβολον
307 2091 367 2156 τὸν
399 2089 520 2157 ἑαυτοῦ
553 2092 680 2158 σκοπὸν
710 2095 903 2178 καταλείπη·
939 2091 1098 2176 μέγιστον

83 2197 148 2282 γὰρ
177 2199 322 2281 ἔγκλημα
349 2198 545 2286 διαλεκτικῷ
572 2196 671 2284 ἀνδρὶ
695 2208 824 2283 φωναῖς
847 2197 1036 2284 ὁμωνύμοις
1061 2196 1098 2263 έν
1112 2222 1138 2263 ιε

81 2304 318 2388 προβλήμασιν
357 2303 377 2387 ἣ
414 2304 616 2390 προτοίσεσιν
656 2311 840 2389 κεχρῆσθαι
882 2306 963 2370 ἄνευ
1005 2306 1098 2384 τινὸς

84 2410 351 2495 προσδιορισμοῦ
382 2408 438 2475 καὶ
471 2420 529 2495 τῆς
556 2412 603 2488 εἰς
631 2412 671 2476 τδ
698 2411 845 2498 διάφορα
874 2415 1100 2497 σημαινόμενα

83 2526 154 2582 τῶν
177 2527 301 2601 φωνῶν
324 2514 525 2602 διαιρέσεως.

153 2620 215 2706 ηί.
231 2621 300 2687 Ὅτι
324 2620 354 2686 δ’
383 2618 463 2688 οὐδὲ
486 2621 651 2709 ἐνδέχεται
674 2625 711 2688 τὸ
734 2621 804 2689 κατ’
833 2626 943 2690 αἰτίαν
965 2624 1099 2710 γεγονέ-

84 2753 143 2795 ναι
171 2730 282 2813 μόνως
309 2727 446 2795 ἀκούειν
473 2727 510 2795 έν
537 2737 582 2817 τῷ
610 2730 765 2816 ’πότερον
790 2726 834 2815 ἦν
862 2730 913 2796 ἀεὶ
937 2731 1098 2815 γενέσεως
1115 2758 1141 2798 ιο

86 2835 194 2921 ἀρχὴν
217 2838 302 2920 ἔχων
325 2835 486 2920 οὐδεμίαν
508 2835 528 2919 ἣ
553 2835 715 2919 γέγονεν’,
738 2837 843 2920 δῆλον
866 2836 1033 2904 ἐντεῦθεν.
1071 2840 1101 2904 εἰ

84 2943 151 3027 γὰρ
180 2942 217 3006 τὸ
246 2939 419 3026 γεγονέναι
447 2942 507 3007 τὸν
536 2944 663 3027 κόσμον
690 2946 843 3027 σημαίνει
866 2952 912 3031 τῷ
941 2945 1099 3010 Πλάτωνι

85 3048 127 3112 τὸ
149 3050 327 3132 ποιητικὴν
350 3051 438 3133 ἔχειν
460 3058 520 3114 τοῦ
544 3044 629 3114 εἶναι
653 3050 773 3134 αἰτίαν,
796 3057 843 3137 τῷ
867 3046 904 3114 δὲ
927 3050 1100 3135 γεγονέναι

85 3154 126 3218 τὸ
159 3156 203 3238 μη
232 3154 406 3237 γεγονέναι
434 3154 618 3240 ὑπέθηκεν
640 3154 762 3242 (ἡμᾶς’
786 3157 850 3242 γάρ
879 3173 984 3240 φησιν
1012 3157 1103 3234 ’τοὺς

85 3259 165 3348 περὶ
192 3269 254 3326 τοῦ
280 3263 405 3338 παντὸς
431 3265 553 3346 λόγους
579 3267 755 3329 ποιεῖσθαί
779 3285 824 3349 πη
851 3261 1046 3347 μέλλοντας,
1070 3264 1100 3328 εί
1114 3289 1141 3330 ιε

87 3366 230 3452 γέγονεν
256 3366 276 3450 ἢ
304 3365 359 3432 καὶ
388 3367 502 3451 ἀγενές
530 3367 630 3434 ἐστιν’
659 3369 715 3435 καὶ
742 3371 844 3435 πόλιν
873 3368 1027 3456 <πότερον
1058 3364 1102 3453 ἦν
1155 3374 1159 3381 ’

86 3471 142 3539 ἀεὶ
165 3472 324 3557 γενέσεως
344 3472 449 3560 ἀρχὴν
467 3477 552 3560 ἔχων
570 3474 731 3561 οὐδεμίαν
749 3476 769 3560 ἢ
789 3475 965 3563 γέγονεν’),
985 3478 1102 3561 δῆλον,

164 3707 188 3757 1.
209 3707 233 3758 2.
252 3706 460 3772 προοτηθεαοιν
478 3702 507 3757 Μ
588 3709 613 3760 3.
633 3721 757 3775 μεγιστος
775 3704 804 3757 Μ
885 3710 909 3760 5.
928 3704 991 3761 fort.
1011 3704 1103 3780 (nal)

86 3772 173 3828 αὑτοὶ
245 3774 417 3855 6.,γενητοῦ]
437 3792 574 3844 αγενητον
592 3775 622 3828 Μ
695 3782 736 3831 17.
755 3777 979 3901 προσδιωρισὲιου
997 3776 1026 3830 Μ

88 3848 135 3900 20.
153 3842 227 3899 Plat.
246 3843 316 3898 Tlm.
336 3844 399 3898 28ss
498 3851 541 3900 24.
563 3845 636 3900 Plat.
659 3845 730 3901 Tim.
754 3845 814 3901 270
837 3843 877 3915 (ἢι
899 3865 1015 3928 γγονεν
1038 3849 1102 3906 cod.

87 3913 178 3970 Paris.
198 3911 407 3984 A‚?1Vind0b.
426 3914 461 3985 Y,
480 3910 498 3983 ἡ
517 3915 648 3988 Tubing.)
721 3923 763 3973 26.
783 3917 855 3973 Plat.
875 3917 947 3974 Tun.
967 3919 1032 3975 28ss
