2394 4208
10 39 840 347 ι

757 176 767 205 G

751 374 756 391 ι

82 554 144 611 VIII
159 557 187 630 1]
346 556 395 612 DII
412 556 670 612 AETERNITATE
688 557 809 613 MVNDI
1021 558 1084 623 301

80 719 249 786 ἀθανασία
280 718 335 784 καλ
367 719 448 784 αὐτό
481 743 518 803 γε
549 722 586 786 τὸ
622 723 746 805 ταύτην
782 721 870 810 αὐτῷ
907 729 1086 806 χορηγοῦν·

78 828 202 891 τούτου
231 820 294 890 οὖν
321 824 502 909 γενομένου
525 829 667 913 πότερον
690 831 899 913 φθαρήσεται
924 827 941 892 ὁ
964 830 1087 911 κόσμος

77 934 136 998 διὰ
154 935 216 1016 τὴν
235 931 414 998 ἀσθένειαν
432 944 490 1017 τῆς
508 935 631 1011 οἰκείας
650 934 821 1017 δυνάμεως
841 933 1088 1018 πεπερασμένης

75 1041 183 1123 οὔσης
212 1038 233 1121 ἢ
264 1039 304 1104 οὐ
336 1044 543 1126 φθαρήσεται
577 1040 632 1105 διὰ
664 1041 701 1105 τὸ
734 1037 839 1124 μηδὲν
868 1037 953 1106 εἶναι
984 1040 1087 1105 αὐτοῦ

74 1145 259 1231 ἀλλότριον
278 1144 416 1224 ἒξωθεν;
441 1148 470 1211 εί
487 1143 549 1230 μὲν
567 1142 630 1212 οὖν
648 1148 685 1211 τὸ
705 1148 863 1232 δεύτερον
881 1153 930 1230 εἴη
955 1146 1088 1231 ἀληθές,
1115 1171 1128 1211 ι

74 1250 193 1317 οὐκέτι
217 1253 254 1315 τὸ
278 1250 329 1316 ἀεὶ
353 1248 438 1317 εἶναι
462 1253 552 1340 αὐτῷ
574 1255 662 1338 παρὰ
685 1263 744 1317 τοῦ
769 1252 819 1318 ἀεὶ
843 1255 938 1330 ὄντος
960 1253 1089 1337 ἐπίκτη-

72 1382 141 1423 τον
163 1360 355 1442 πρόσεστιν·
378 1367 438 1423 τοῦ
462 1368 547 1441 γοῦν
570 1358 621 1423 ἀεὶ
644 1360 741 1436 ὄντος
763 1357 832 1423 κατ’
856 1357 1006 1424 ἐπίνοιαν
1027 1384 1088 1445 χω-

71 1465 258 1551 ρισθέντος
277 1462 378 1530 οὐδὲν
401 1461 502 1548 ἦττον
522 1468 696 1550 ἄφθαρτος
718 1465 735 1530 ὁ
756 1467 880 1549 κόσμος
898 1464 988 1530 ἐστὶν
1007 1466 1089 1532 ὅσον

73 1570 135 1636 έπὶ
165 1581 205 1656 τῇ
234 1581 294 1636 τοῦ
326 1575 483 1656 Πρόκλου
514 1571 676 1638 ὑποθέσει
708 1573 764 1636 διὰ
795 1574 833 1637 τὸ
865 1568 969 1655 μηδὲν
1002 1576 1089 1658 ἔχειν

73 1677 209 1756 ἔξωθεν
236 1685 394 1762 φθεῖρον
431 1680 606 1764 ἄφθαρτος
634 1675 671 1743 δὲ
694 1679 742 1743 ὢν
764 1678 818 1743 ἀεί
839 1677 943 1742 ἐστιν·
980 1683 1027 1744 ἔτι
1051 1677 1088 1745 δὲ
1103 1708 1128 1747 ιο

73 1783 155 1851 οὐδ’
178 1785 198 1868 ἡ
222 1783 448 1870 πεπερασμένη
473 1785 614 1869 δύναμις
641 1786 776 1871 φθαρτὴ
805 1787 910 1867 ἔσται,
939 1786 968 1849 εί
992 1808 1089 1850 πεπε·

74 1890 227 1979 ρασμένη
246 1887 308 1975 μὲν
325 1891 345 1973 ἡ
364 1900 424 1955 τοῦ
442 1894 570 1974 κόσμου
590 1893 741 1974 δύναμις,
760 1892 934 1977 ἄφθαρτος
953 1888 982 1954 δ’
1002 1891 1090 1975 ὅμως

76 1996 174 2063 ἐστὶν
197 1998 253 2062 όιά
275 1999 312 2061 τὸ
335 1994 440 2081 μηδὲν
463 1997 566 2063 αὐτοῦ
586 1996 712 2074 ἔξωθεν
731 1993 824 2063 εἶναι.
862 1999 891 2062 εί
910 1994 947 2062 δὲ
966 1994 1090 2081 ἀληθὲς

75 2106 118 2169 τὸ
157 2105 218 2187 τὴν
253 2102 504 2188 πεπερασμένην
539 2106 684 2188 δύναμιν
720 2105 877 2189 φθαρτὴν
914 2100 1015 2187 εἶναι,
1051 2105 1088 2168 τὸ

78 2210 198 2295 ἕτερον
215 2211 339 2288 ψεῦδος
358 2209 390 2288 ἐξ
410 2210 568 2294 ἀνάγκης,
587 2210 671 2294 λέγω
691 2213 732 2295 θη
756 2213 793 2276 τὸ
816 2213 860 2296 μὴ
885 2215 1088 2296 φθείρεσθαι
1103 2237 1129 2278 ιε

78 2319 143 2380 τὸν
173 2318 299 2400 κόσμον
329 2318 385 2381 διὰ
414 2318 451 2381 τὸ
481 2313 585 2400 μηδὲν
615 2317 704 2403 αὐτῷ
739 2318 962 2403 προσβάλλειν
994 2317 1089 2381 ἀλλό-

78 2446 178 2509 τριον
197 2422 332 2506 ἔξωθεν,
351 2430 441 2508 εἴπερ
460 2424 602 2507 μηθενὸς
621 2424 717 2500 ὄντος
736 2421 861 2500 ἔξωθεν
878 2433 938 2489 τοῦ
961 2427 1089 2508 κόσμου

81 2528 308 2614 χωρισθέντος
327 2526 364 2594 δὲ
382 2529 486 2595 αὐτοῦ
504 2538 565 2594 τοῦ
584 2528 634 2594 ἀεὶ
653 2532 750 2607 ὄντος
765 2535 968 2616 φθείρεσθαι
987 2530 1090 2595 αὐτὸν

82 2636 209 2719 ἀνάγκη
225 2637 281 2699 διὰ
299 2637 336 2700 τὸ
354 2634 602 2721 πεπερασμένον
619 2644 677 2719 τῆς
696 2636 782 2712 ίθιάς
801 2636 985 2720 δυνάμεως·
1008 2634 1085 2701 ὥστ’

83 2743 145 2806 οὐκ
174 2738 296 2825 ἀληθὲς
323 2742 359 2805 τὸ
388 2751 455 2806 πᾶν
480 2743 517 2806 τὸ
541 2744 769 2825 φθειρόμενον
790 2743 856 2807 ὑπό
880 2766 971 2820 τινος
994 2742 1089 2807 ἀλλο·
1103 2769 1129 2810 ιο

84 2853 181 2934 τρίου
209 2850 477 2933 προσβάλλοντος
504 2846 630 2925 ἔξωθεν
657 2853 868 2935 φθείρεσθαι.
914 2853 962 2914 ἔτι
993 2850 1022 2913 εἰ
1051 2851 1088 2914 τὸ

83 2957 127 3039 μὴ
153 2959 357 3040 φθείρεσθαι
379 2956 439 3019 τὸν
461 2957 588 3038 κόσμον
610 2956 666 3018 διὰ
688 2955 725 3019 τὸ
749 2952 853 3039 μηδὲν
876 2956 965 3043 αὐτῷ
987 2974 1089 3042 προσ-

84 3061 221 3142 βάλλειν
244 3061 419 3145 άλλότριον
442 3059 568 3138 ἔξωθεν
589 3061 738 3145 ὑπῆρχεν
765 3061 846 3127 ὅλον
869 3060 901 3139 ἐξ
925 3061 1013 3126 ὄλων
1034 3061 1090 3127 καὶ

85 3166 212 3231 τέλειον
249 3166 284 3231 ἐκ
320 3171 454 3231 τελείων
491 3171 672 3251 γενόμενον
707 3167 761 3233 καὶ
793 3169 900 3233 πάντα
931 3168 968 3234 έν
1000 3169 1089 3256 αὐτῷ

84 3272 294 3358 περιέχοντα,
322 3275 477 3356 δηλονότι
506 3272 537 3351 έξ
567 3274 667 3357 αὐτῆς
690 3273 793 3338 αὐτοῦ
817 3284 875 3358 τῆς
897 3275 1030 3359 φύσεως
1052 3277 1089 3340 τὸ
1104 3300 1130 3342 τε

86 3382 263 3464 ἄφθαρτον
282 3380 370 3466 αὐτῷ
389 3383 578 3464 πρόσεστιν
601 3382 789 3467 πάνταγὰρ
813 3381 850 3446 έν
872 3379 979 3469 ἑαυτῷ
1001 3403 1089 3467 περι-

86 3485 170 3570 έχων
189 3483 289 3551 οὐόὲν
307 3497 374 3550 τῶν
392 3492 614 3572 φθοροποιῶν
637 3488 752 3552 αἰτίαν
776 3486 900 3564 ἔξωθεν
923 3485 1012 3576 ἀλπο-
1029 3506 1068 3545 101·
1078 3507 1142 3548 mv.

86 3591 251 3657 λέλοιπεν·
274 3594 416 3676 μηδενὸς
439 3587 501 3657 οὖν
524 3595 621 3669 ὄντος
643 3603 702 3658 τοῦ
727 3598 883 3678 φθείρειν
906 3595 1009 3660 αὐτὸν
1032 3597 1090 3660 όν-

86 3696 231 3781 ναμένου
263 3696 334 3762 οὐδ’
365 3697 407 3762 ἀν
437 3699 536 3776 αὐτὸς
568 3705 740 3785 φθαρῆναι
773 3701 965 3785 δυνήσεται·
1002 3701 1020 3766 ὃ
1053 3699 1089 3767 δὲ

145 3927 185 3973 27.
205 3920 319 3995 αἰτίαν]
334 3925 429 3983 ἀιτιον
446 3927 480 3984 Μ
