2394 4208
72 562 165 616 XVIII
181 564 227 635 10]
338 563 387 617 DE
405 562 664 618 AETERNITATE
682 561 805 617 MVNDI
1020 561 1083 625 641

71 728 153 808 ἔφη·
191 723 261 788 ἀλλ’
285 724 347 790 οὐκ
370 724 475 790 ἐννοῶ
499 721 579 791 οὐδὲ
600 728 680 802 τοὺς
702 729 832 809 μείζους
854 729 948 803 τίνας
970 723 1085 808 λέγεις.

73 832 145 908 Οὓς
165 830 321 908 Ἡσίοδός
348 830 385 895 τέ
404 854 486 915 που,
510 827 616 915 εἶπον,
638 829 693 896 καὶ
713 829 856 920 Ὅμηρος
878 832 958 916 ἡμίν
981 830 1087 915 ἐλεγέ-

72 962 136 1021 την
159 937 214 1001 καὶ
238 939 270 1002 ολ
294 939 389 1002 ἄλλοι
412 941 559 1021 ποιηταί·
582 932 676 1002 οὗτοι
700 938 762 1022 γάρ
781 960 847 1002 που
866 939 998 1021 μύθους
1017 948 1087 1015 τοῖς

72 1043 269 1129 ἀνθρώποις
296 1044 432 1121 ψευδεῖς
460 1041 676 1121 συντιθέντες
698 1046 814 1126 ἔλεγόν
836 1042 948 1108 τεκαὶ
970 1042 1087 1128 λέγου-

74 1169 140 1216 σιν.
188 1155 316 1227 Ποίους
344 1149 388 1234 θ’,
415 1147 436 1233 ἦ
465 1148 494 1213 θ’
523 1150 574 1234 ὅς,
602 1149 657 1215 καὶ
684 1154 719 1215 τί
745 1150 855 1215 αὐτῶν
878 1154 1088 1235 μεμφόμενος
1116 1177 1129 1218 ο

75 1257 198 1341 λέγεις;
233 1255 348 1341 Ὅπερ,
376 1253 419 1340 ἦν
447 1255 474 1320 θ’
504 1256 583 1341 ἐγώ,
613 1259 674 1343 χρὴ
705 1255 760 1322 καὶ
787 1266 921 1344 πρῶτον
947 1255 1003 1321 καὶ
1030 1259 1089 1341 μά-

75 1368 174 1427 λιστα
206 1362 412 1447 μέμφεσθαι,
445 1364 553 1440 άλλως
584 1385 619 1427 τε
649 1361 705 1428 καὶ
738 1362 797 1428 έάν
824 1386 875 1439 τις
906 1365 950 1446 μὴ
982 1368 1090 1442 καλῶς

76 1470 250 1553 ψεύδηται.
307 1473 349 1533 Τί
377 1478 490 1548 τοῦτο;
529 1466 651 1552 Ὄ<ταν
682 1470 791 1554 είκάζη
823 1492 874 1545 τις
905 1480 1013 1547 κακῶς
1044 1479 1090 1558 τῷ

77 1578 168 1664 λόγῳ
191 1575 267 1660 περὶ
291 1582 383 1640 θεῶν
401 1599 436 1640 τε
454 1574 509 1640 καὶ
533 1575 663 1662 ἡρώων,
682 1566 752 1640 οἷοί
768 1577 864 1658 εἰσιν,
883 1575 993 1662 ὥσπερ
1013 1600 1092 1663 γρα-

76 1686 162 1768 φεὺς
190 1679 295 1766 μηδὲν
323 1681 453 1747 ἐοικότα
481 1683 637 1767 γράφων,
665 1673 715 1758 οἷς
743 1680 786 1746 ἂν
813 1681 911 1766 ὅμοια
937 1685 1092 1769 βουληθῇ
1107 1709 1133 1748 ιο

76 1790 212 1873 γράψαι.
258 1788 325 1853 Καὶ
354 1789 433 1874 γάρ,
467 1792 547 1872 ἔφη,
579 1787 692 1874 ὀρθῶς
725 1791 790 1872 ἔχει
823 1788 863 1852 τά
893 1811 931 1870 γε
957 1797 1094 1853 τοιαῦτα

78 1895 280 1980 μέμφεσθαι.
324 1894 408 1960 ἀλλὰ
431 1906 500 1972 πῶς
524 1895 564 1978 δὴ
589 1893 729 1978 λέγομεν
750 1892 806 1959 καὶ
828 1904 920 1973 ποίας
953 1899 1095 1980 Πρῶτον

79 2001 151 2087 μέν,
175 1998 218 2084 ἦν
241 1999 271 2065 θ’
296 2000 376 2085 ἐγώ,
403 2002 441 2066 τὸ
469 1999 627 2086 μέγιστον
654 1999 709 2065 καὶ
736 1999 813 2086 περλ
840 2010 908 2064 τῶν
930 2005 1095 2084 μεγίστων

79 2109 206 2184 ψεῦδος
235 2107 253 2172 ὁ
282 2108 385 2172 εἰπὼν
415 2107 455 2172 οὐ
479 2111 587 2184 καλῶς
610 2106 787 2191 ἐψεύσατο,
815 2106 860 2183 ὡς
885 2106 1038 2192 Οὐρανός
1060 2131 1094 2173 τε

80 2216 271 2299 εἰργάσατο,
303 2215 325 2278 ά
354 2231 437 2298 φησι
467 2215 587 2298 δρᾶσαι
615 2213 719 2278 αὐτὸν
742 2211 913 2296 Ἡσίοδος,
946 2213 964 2278 ὅ
992 2236 1027 2277 τε
1051 2208 1134 2281 αὖοι

81 2323 215 2405 Κρόνος
237 2320 282 2397 ὡς
306 2318 529 2404 ἐτιμωρήσατο
555 2318 671 2384 αὐτόν·
694 2320 735 2383 τὰ
757 2315 795 2384 δέ
818 2319 858 2402 δὴ
877 2328 938 2384 τοῦ
957 2322 1094 2404 Κρόνου

81 2430 163 2510 ε”ργα
189 2425 243 2491 καὶ
271 2427 363 2510 πάθη
394 2427 460 2491 ὑπὸ
483 2435 545 2490 τοῦ
567 2424 659 2503 υἱέος
682 2422 754 2490 οὐδ’
779 2427 832 2509 ἄν,
855 2427 885 2490 εἰ
906 2421 950 2509 ἦν
973 2425 1095 2511 άληθη,

82 2531 177 2619 ᾤμην
209 2534 282 2599 θεῖν
314 2533 437 2620 ῥᾳδίως
467 2533 555 2597 οὕτω
585 2531 743 2616 λέγεσθαι
771 2533 854 2619 πρὸς
882 2533 1034 2617 ἄφρονάς
1060 2557 1095 2598 τε

81 2638 136 2704 καὶ
160 2639 274 2722 νέους,
298 2639 381 2704 ἀλλὰ
403 2640 544 2724 μάλιστα
566 2635 628 2723 μὲν
651 2645 827 2723 σιγᾶσθαι,
855 2640 885 2703 εἰ
907 2635 945 2704 θλ
969 2638 1094 2724 ἀνάγκη

81 2770 131 2823 τις
158 2742 201 2828 ἦν
229 2744 349 2829 λέγειν,
377 2744 421 2810 δι’
449 2745 647 2831 ἀπορρήτων
675 2744 811 2810 άιιούειν
838 2745 883 2822 ὡς
905 2744 1096 2827 ὀλιγίστους
1110 2773 1137 2812 ιο

81 2851 298 2936 θυσαμένους
339 2852 380 2916 οὐ
417 2862 534 2938 χοῖρον
570 2852 653 2916 άλλά
689 2875 720 2916 τι
757 2851 841 2936 μέγα
876 2850 931 2916 καὶ
968 2853 1096 2939 άπορον

81 2967 193 3041 θῦμα,
213 2958 301 3035 ὅπως
324 2959 375 3023 ὅτι
399 2958 584 3043 ἐλαχίστοις
603 2957 727 3041 συνέβη
747 2957 897 3023 ἀκοῦσαι.
935 2956 1002 3023 Καὶ
1021 2959 1096 3044 γάρ,

86 3061 106 3147 ἧ
131 3062 161 3128 θ’
186 3064 236 3147 ὅς,
265 3058 362 3128 οὗτοί
386 3087 423 3146 γε
447 3066 479 3128 ολ
502 3066 597 3148 λόγοι
621 3068 766 3149 χαλεποί.
812 3062 879 3129 Καὶ
903 3064 944 3129 οὐ
970 3064 1096 3129 λεκτέοι

84 3169 129 3254 γ’,
162 3173 259 3254 ἔφην,
290 3165 316 3234 ὦ
343 3167 549 3255 Ἀδείμαντε,
582 3169 619 3235 έν
650 3180 689 3256 τῇ
721 3167 861 3255 ἡμετέρᾳ
890 3173 985 3235 πόλει
1017 3168 1097 3235 οὐδὲ

155 3439 180 3486 2
199 3450 326 3488 novom
345 3431 417 3487 Plat.
527 3439 553 3487 ὅ.
572 3431 671 3495 ποίους
689 3431 816 3500 afflat
918 3438 942 3489 8
962 3453 1044 3489 τουτο
1063 3435 1096 3506 <51

84 3505 147 3558 finis
175 3520 213 3573 pa
235 3504 312 3573 ’,nae
339 3505 433 3558 cetera
461 3503 569 3558 desunt.
607 3503 665 3557 iam
690 3506 703 3557 t
727 3502 859 3557 lacunam
885 3519 918 3557 ex
944 3508 1025 3574 parte
1051 3522 1097 3560 ex·

84 3574 174 3647 plevit
193 3592 210 3628 ιι
231 3575 297 3628 ditis
316 3575 443 3629 Platonis
461 3574 554 3629 verbis
572 3591 661 3642 usque
680 3574 717 3627 ad
731 3591 876 3697 (μίας,
816 3580 876 3643 643,
892 3582 922 3642 2,
941 3592 986 3630 me
1005 3575 1097 3630 iudice

84 3651 169 3701 reete
207 3663 273 3699 nam
298 3645 327 3699 in
352 3645 414 3699 folii
439 3644 612 3714 insequentis
646 3644 785 3714 deper't1
809 3662 871 3698 mar
923 3663 938 3700 ο
965 3646 1098 3702 interiore

86 3720 196 3772 servato
229 3716 390 3771 etiamnunc
422 3715 542 3796 legimus
575 3715 694 3786 singulis
722 3715 847 3770 versibus
926 3717 992 3771 XIII
1019 3734 1098 3787 prae-

85 3788 222 3857 scriptum
242 3786 401 3857 signum>
426 3804 481 3856 quo
504 3785 636 3841 librarius
659 3787 736 3841 locos
761 3787 896 3842 laudatos
911 3791 1018 3840 mm
1033 3787 1112 3835 <nxz-

87 3858 281 3927 bat31itaque
304 3857 454 3912 verisimile
478 3857 547 3913 σοι’
539 3875 571 3913 m
588 3857 660 3915 {ouo
678 3862 761 3914 σοοοο
781 3857 936 3938 mmm
947 3853 1049 3906 mm
1056 3849 1137 3896 m-

84 3903 159 3982 ίοοίε
174 3929 257 3981 verba
269 3928 334 3984 fort.
345 3930 384 3983 ad
399 3935 461 4001 642,
474 3937 516 3988 17.
526 3936 562 3988 18
576 3935 760 4006 λογοποιεῖν.
786 3929 824 3984 'm
835 3926 914 3982 mm
927 3916 1049 3974 me
1023 3914 1120 3966 X'ka

124 4022 235 4064 ῙΟΗΙΙ
204 4027 575 4080 mmomdnnb
965 4010 1008 4058 Ἀ
