<?xml version="1.0" encoding="UTF-8"?>
<!DOCTYPE html PUBLIC "-//W3C//DTD XHTML 1.0 Transitional//EN"
    "http://www.w3.org/TR/xhtml1/DTD/xhtml1-transitional.dtd">
<html xmlns="http://www.w3.org/1999/xhtml" xml:lang="en" lang="en">
 <head>
  <title>
</title>
<meta http-equiv="Content-Type" content="text/html;charset=utf-8" />
  <meta name='ocr-system' content='tesseract 3.04.00' />
  <meta name='ocr-capabilities' content='ocr_page ocr_carea ocr_par ocr_line ocrx_word'/>
</head>
<body>
  <div class='ocr_page' id='page_1' title='image "./ioannesphilopon00philgoog_0150.png"; bbox 0 0 2394 4208; ppageno 0'>
   <div class='ocr_carea' id='block_1_1' title="bbox 77 567 1096 641">
    <p class='ocr_par' dir='ltr' id='par_1_1' title="bbox 77 567 1096 641">
     <span class='ocr_line' id='line_1_1' title="bbox 77 567 1096 641; baseline 0.012 -18"><span class='ocrx_word' id='word_1_1' title='bbox 77 568 122 624; x_wconf 76' lang='lat' dir='ltr'><strong><em>vl</em></strong></span> <span class='ocrx_word' id='word_1_2' title='bbox 136 573 161 624; x_wconf 80' lang='grc' dir='ltr'><strong><em>ι.</em></strong></span> <span class='ocrx_word' id='word_1_3' title='bbox 182 569 210 641; x_wconf 80' lang='grc' dir='ltr'><strong><em>ι]</em></strong></span> <span class='ocrx_word' id='word_1_4' title='bbox 354 567 401 622; x_wconf 76' lang='lat' dir='ltr'><strong><em>DE</em></strong></span> <span class='ocrx_word' id='word_1_5' title='bbox 420 567 678 625; x_wconf 70' lang='grc' dir='ltr'><strong><em>εωνοιοιινοτο</em></strong></span> <span class='ocrx_word' id='word_1_6' title='bbox 696 567 818 623; x_wconf 72' lang='grc' dir='ltr'><strong><em>ανωοι</em></strong></span> <span class='ocrx_word' id='word_1_7' title='bbox 1032 569 1096 635; x_wconf 85' lang='lat'><strong><em>135</em></strong></span> 
     </span>
    </p>
   </div>
   <div class='ocr_carea' id='block_1_2' title="bbox 78 730 1136 1354">
    <p class='ocr_par' dir='ltr' id='par_1_2' title="bbox 78 730 1136 1354">
     <span class='ocr_line' id='line_1_2' title="bbox 79 730 1097 816; baseline -0.001 -18"><span class='ocrx_word' id='word_1_8' title='bbox 79 743 151 798; x_wconf 86' lang='grc' dir='ltr'><strong><em>τῶν</em></strong></span> <span class='ocrx_word' id='word_1_9' title='bbox 181 732 285 798; x_wconf 80' lang='grc' dir='ltr'><strong><em>αὐτοῦ</em></strong></span> <span class='ocrx_word' id='word_1_10' title='bbox 320 734 430 814; x_wconf 90' lang='grc' dir='ltr'><strong><em>λόγων</em></strong></span> <span class='ocrx_word' id='word_1_11' title='bbox 463 741 670 816; x_wconf 80' lang='grc' dir='ltr'><strong><em>παραστῆσαι</em></strong></span> <span class='ocrx_word' id='word_1_12' title='bbox 702 733 898 812; x_wconf 75' lang='grc' dir='ltr'><strong><em>σπουδάζων</em></strong></span> <span class='ocrx_word' id='word_1_13' title='bbox 929 730 984 797; x_wconf 79' lang='grc' dir='ltr'><strong><em>καὶ</em></strong></span> <span class='ocrx_word' id='word_1_14' title='bbox 1016 736 1097 811; x_wconf 87' lang='grc' dir='ltr'><strong><em>τοὺς</em></strong></span> 
     </span>
     <span class='ocr_line' id='line_1_3' title="bbox 79 835 1095 927; baseline 0 -21"><span class='ocrx_word' id='word_1_15' title='bbox 79 836 417 925; x_wconf 80' lang='grc' dir='ltr'><strong><em>παρεξηγησαμένους</em></strong></span> <span class='ocrx_word' id='word_1_16' title='bbox 449 837 553 903; x_wconf 83' lang='grc' dir='ltr'><strong><em>αὐτὸν</em></strong></span> <span class='ocrx_word' id='word_1_17' title='bbox 584 835 777 923; x_wconf 78' lang='grc' dir='ltr'><em>ἀπελέγχειν</em></span> <span class='ocrx_word' id='word_1_18' title='bbox 807 841 1019 927; x_wconf 83' lang='grc' dir='ltr'><strong><em>πειρώμενος.</em></strong></span> <span class='ocrx_word' id='word_1_19' title='bbox 1065 842 1095 906; x_wconf 82' lang='grc' dir='ltr'><strong><em>εί</em></strong></span> 
     </span>
     <span class='ocr_line' id='line_1_4' title="bbox 80 942 1095 1032; baseline 0 -21"><span class='ocrx_word' id='word_1_20' title='bbox 80 943 146 1032; x_wconf 67' lang='grc' dir='ltr'><strong><em>μὲν</em></strong></span> <span class='ocrx_word' id='word_1_21' title='bbox 173 942 237 1013; x_wconf 84' lang='grc' dir='ltr'><strong><em>οὖν</em></strong></span> <span class='ocrx_word' id='word_1_22' title='bbox 263 944 354 1030; x_wconf 80' lang='grc' dir='ltr'><strong><em>μέλει</em></strong></span> <span class='ocrx_word' id='word_1_23' title='bbox 381 956 449 1010; x_wconf 82' lang='grc' dir='ltr'><strong><em>τῶν</em></strong></span> <span class='ocrx_word' id='word_1_24' title='bbox 477 944 749 1029; x_wconf 85' lang='grc' dir='ltr'><strong><em>ἐντυγχανόντων</em></strong></span> <span class='ocrx_word' id='word_1_25' title='bbox 770 944 838 1011; x_wconf 79' lang='grc' dir='ltr'><strong><em>τινὶ</em></strong></span> <span class='ocrx_word' id='word_1_26' title='bbox 860 944 914 1010; x_wconf 80' lang='grc' dir='ltr'><strong><em>καί</em></strong></span> <span class='ocrx_word' id='word_1_27' title='bbox 937 957 996 1031; x_wconf 80' lang='grc' dir='ltr'><strong><em>τῆς</em></strong></span> <span class='ocrx_word' id='word_1_28' title='bbox 1018 948 1095 1012; x_wconf 89' lang='grc' dir='ltr'><strong><em>τού-</em></strong></span> 
     </span>
     <span class='ocr_line' id='line_1_5' title="bbox 80 1049 1095 1139; baseline 0.001 -21"><span class='ocrx_word' id='word_1_29' title='bbox 80 1078 152 1120; x_wconf 90' lang='grc' dir='ltr'><strong><em>των</em></strong></span> <span class='ocrx_word' id='word_1_30' title='bbox 174 1053 335 1139; x_wconf 77' lang='grc' dir='ltr'><strong><em>ἀκριβοῦς</em></strong></span> <span class='ocrx_word' id='word_1_31' title='bbox 358 1053 521 1135; x_wconf 84' lang='grc' dir='ltr'><strong><em>γνώσεως,</em></strong></span> <span class='ocrx_word' id='word_1_32' title='bbox 545 1049 663 1135; x_wconf 77' lang='grc' dir='ltr'><strong><em>ἐφεξῆς</em></strong></span> <span class='ocrx_word' id='word_1_33' title='bbox 686 1050 814 1130; x_wconf 86' lang='grc' dir='ltr'><strong><em>διεξίτω</em></strong></span> <span class='ocrx_word' id='word_1_34' title='bbox 838 1054 898 1117; x_wconf 89' lang='grc' dir='ltr'><strong><em>τὸν</em></strong></span> <span class='ocrx_word' id='word_1_35' title='bbox 921 1056 1037 1136; x_wconf 93' lang='grc' dir='ltr'><strong><em>λόγον,</em></strong></span> <span class='ocrx_word' id='word_1_36' title='bbox 1065 1055 1095 1119; x_wconf 87' lang='grc' dir='ltr'><strong><em>εί</em></strong></span> 
     </span>
     <span class='ocr_line' id='line_1_6' title="bbox 80 1158 1136 1248; baseline 0 -22"><span class='ocrx_word' id='word_1_37' title='bbox 80 1160 125 1226; x_wconf 83' lang='grc' dir='ltr'><strong><em>δέ</em></strong></span> <span class='ocrx_word' id='word_1_38' title='bbox 149 1184 194 1248; x_wconf 78' lang='grc' dir='ltr'><strong><em>τῳ</em></strong></span> <span class='ocrx_word' id='word_1_39' title='bbox 223 1161 267 1244; x_wconf 81' lang='grc' dir='ltr'><strong><em>μὴ</em></strong></span> <span class='ocrx_word' id='word_1_40' title='bbox 290 1161 395 1236; x_wconf 87' lang='grc' dir='ltr'><strong><em>πολύς</em></strong></span> <span class='ocrx_word' id='word_1_41' title='bbox 419 1158 510 1223; x_wconf 89' lang='grc' dir='ltr'><strong><em>ἐστιν</em></strong></span> <span class='ocrx_word' id='word_1_42' title='bbox 533 1161 632 1241; x_wconf 81' lang='grc' dir='ltr'><strong><em>λόγος</em></strong></span> <span class='ocrx_word' id='word_1_43' title='bbox 654 1158 729 1243; x_wconf 78' lang='grc' dir='ltr'><strong><em>περὶ</em></strong></span> <span class='ocrx_word' id='word_1_44' title='bbox 752 1169 810 1243; x_wconf 81' lang='grc' dir='ltr'><strong><em>της</em></strong></span> <span class='ocrx_word' id='word_1_45' title='bbox 833 1161 880 1237; x_wconf 84' lang='grc' dir='ltr'><strong><em>είς</em></strong></span> <span class='ocrx_word' id='word_1_46' title='bbox 902 1161 939 1224; x_wconf 93' lang='grc' dir='ltr'><strong><em>τὸ</em></strong></span> <span class='ocrx_word' id='word_1_47' title='bbox 963 1163 1095 1244; x_wconf 86' lang='grc' dir='ltr'><strong><em>προκεί-</em></strong></span> <span class='ocrx_word' id='word_1_48' title='bbox 1121 1185 1136 1226; x_wconf 79' lang='grc' dir='ltr'><strong><em>ε</em></strong></span> 
     </span>
     <span class='ocr_line' id='line_1_7' title="bbox 78 1263 1095 1354; baseline 0.001 -22"><span class='ocrx_word' id='word_1_49' title='bbox 78 1290 187 1352; x_wconf 88' lang='grc' dir='ltr'><strong><em>μενον</em></strong></span> <span class='ocrx_word' id='word_1_50' title='bbox 209 1269 385 1354; x_wconf 84' lang='grc' dir='ltr'><strong><em>πρόβλημα</em></strong></span> <span class='ocrx_word' id='word_1_51' title='bbox 408 1263 506 1348; x_wconf 87' lang='grc' dir='ltr'><strong><em>δόξης</em></strong></span> <span class='ocrx_word' id='word_1_52' title='bbox 528 1274 589 1330; x_wconf 88' lang='grc' dir='ltr'><strong><em>τοῦ</em></strong></span> <span class='ocrx_word' id='word_1_53' title='bbox 610 1266 800 1347; x_wconf 81' lang='grc' dir='ltr'><strong><em>Πλάτωνος,</em></strong></span> <span class='ocrx_word' id='word_1_54' title='bbox 822 1269 940 1350; x_wconf 83' lang='grc' dir='ltr'><strong><em>μόναις</em></strong></span> <span class='ocrx_word' id='word_1_55' title='bbox 963 1263 1000 1331; x_wconf 80' lang='grc' dir='ltr'><strong><em>δέ</em></strong></span> <span class='ocrx_word' id='word_1_56' title='bbox 1023 1277 1095 1345; x_wconf 78' lang='grc' dir='ltr'><strong><em>ταῖς</em></strong></span> 
     </span>
    </p>
   </div>
   <div class='ocr_carea' id='block_1_3' title="bbox 76 1369 1144 3694">
    <p class='ocr_par' dir='ltr' id='par_1_3' title="bbox 79 1369 1095 1562">
     <span class='ocr_line' id='line_1_8' title="bbox 79 1369 1095 1459; baseline -0.001 -20"><span class='ocrx_word' id='word_1_57' title='bbox 79 1373 119 1439; x_wconf 87' lang='grc' dir='ltr'><strong><em>έκ</em></strong></span> <span class='ocrx_word' id='word_1_58' title='bbox 134 1383 202 1438; x_wconf 81' lang='grc' dir='ltr'><strong><em>τῶν</em></strong></span> <span class='ocrx_word' id='word_1_59' title='bbox 215 1373 417 1459; x_wconf 80' lang='grc' dir='ltr'><strong><em>πραγμάτων</em></strong></span> <span class='ocrx_word' id='word_1_60' title='bbox 435 1369 622 1448; x_wconf 75' lang='grc' dir='ltr'><strong><em>ἀποδείξεσι</em></strong></span> <span class='ocrx_word' id='word_1_61' title='bbox 641 1371 860 1457; x_wconf 74' lang='grc' dir='ltr'><strong><em>προσανέχειν</em></strong></span> <span class='ocrx_word' id='word_1_62' title='bbox 879 1372 1095 1457; x_wconf 76' lang='grc' dir='ltr'><strong><em>ἐσπούδακεν,</em></strong></span> 
     </span>
     <span class='ocr_line' id='line_1_9' title="bbox 79 1477 634 1562; baseline -0.005 -17"><span class='ocrx_word' id='word_1_63' title='bbox 79 1478 138 1545; x_wconf 73' lang='grc' dir='ltr'><strong><em>ἐπὶ</em></strong></span> <span class='ocrx_word' id='word_1_64' title='bbox 160 1481 202 1544; x_wconf 81' lang='grc' dir='ltr'><strong><em>τά</em></strong></span> <span class='ocrx_word' id='word_1_65' title='bbox 225 1477 298 1562; x_wconf 73' lang='grc' dir='ltr'><strong><em>ἑξῆς</em></strong></span> <span class='ocrx_word' id='word_1_66' title='bbox 319 1481 438 1562; x_wconf 90' lang='grc' dir='ltr'><strong><em>μετίτω</em></strong></span> <span class='ocrx_word' id='word_1_67' title='bbox 461 1479 634 1561; x_wconf 89' lang='grc' dir='ltr'><strong><em>κεφάλαια.</em></strong></span> 
     </span>
    </p>

    <p class='ocr_par' dir='ltr' id='par_1_4' title="bbox 76 1581 1144 3694">
     <span class='ocr_line' id='line_1_10' title="bbox 152 1581 1095 1668; baseline 0.003 -20"><span class='ocrx_word' id='word_1_68' title='bbox 152 1583 190 1665; x_wconf 80' lang='grc' dir='ltr'><strong><em>ζ’.</em></strong></span> <span class='ocrx_word' id='word_1_69' title='bbox 220 1588 379 1650; x_wconf 76' lang='grc' dir='ltr'><strong><em>Πλεῖστον</em></strong></span> <span class='ocrx_word' id='word_1_70' title='bbox 406 1581 468 1668; x_wconf 72' lang='grc' dir='ltr'><strong><em>μὲν</em></strong></span> <span class='ocrx_word' id='word_1_71' title='bbox 496 1583 551 1649; x_wconf 79' lang='grc' dir='ltr'><strong><em>καί</em></strong></span> <span class='ocrx_word' id='word_1_72' title='bbox 579 1596 646 1649; x_wconf 85' lang='grc' dir='ltr'><strong><em>τῶν</em></strong></span> <span class='ocrx_word' id='word_1_73' title='bbox 668 1584 709 1648; x_wconf 82' lang='grc' dir='ltr'><strong><em>τὰ</em></strong></span> <span class='ocrx_word' id='word_1_74' title='bbox 733 1584 913 1661; x_wconf 88' lang='grc' dir='ltr'><strong><em>Πλάτωνος</em></strong></span> <span class='ocrx_word' id='word_1_75' title='bbox 937 1583 1095 1662; x_wconf 83' lang='grc' dir='ltr'><strong><em>δοξασάν-</em></strong></span> 
     </span>
     <span class='ocr_line' id='line_1_11' title="bbox 78 1689 1136 1776; baseline 0 -17"><span class='ocrx_word' id='word_1_76' title='bbox 78 1717 151 1759; x_wconf 83' lang='grc' dir='ltr'><strong><em>των</em></strong></span> <span class='ocrx_word' id='word_1_77' title='bbox 172 1690 228 1757; x_wconf 79' lang='grc' dir='ltr'><strong><em>καὶ</em></strong></span> <span class='ocrx_word' id='word_1_78' title='bbox 252 1693 284 1756; x_wconf 81' lang='lat' dir='ltr'><strong><em>ol</em></strong></span> <span class='ocrx_word' id='word_1_79' title='bbox 303 1701 360 1776; x_wconf 78' lang='grc' dir='ltr'><strong><em>τῆς</em></strong></span> <span class='ocrx_word' id='word_1_80' title='bbox 375 1689 622 1776; x_wconf 83' lang='grc' dir='ltr'><strong><em>Ἀριστοτέλους</em></strong></span> <span class='ocrx_word' id='word_1_81' title='bbox 646 1689 778 1775; x_wconf 79' lang='grc' dir='ltr'><strong><em>ἐρασταί</em></strong></span> <span class='ocrx_word' id='word_1_82' title='bbox 802 1692 975 1774; x_wconf 83' lang='grc' dir='ltr'><strong><em>γενόμενοι</em></strong></span> <span class='ocrx_word' id='word_1_83' title='bbox 999 1697 1095 1775; x_wconf 83' lang='grc' dir='ltr'><strong><em>φιλο·</em></strong></span> <span class='ocrx_word' id='word_1_84' title='bbox 1109 1719 1136 1759; x_wconf 83' lang='grc' dir='ltr'><strong><em>ιο</em></strong></span> 
     </span>
     <span class='ocr_line' id='line_1_12' title="bbox 78 1795 1095 1884; baseline -0.004 -18"><span class='ocrx_word' id='word_1_85' title='bbox 78 1803 206 1884; x_wconf 80' lang='grc' dir='ltr'><strong><em>σοφίας</em></strong></span> <span class='ocrx_word' id='word_1_86' title='bbox 238 1798 338 1876; x_wconf 85' lang='grc' dir='ltr'><strong><em>αὐτός</em></strong></span> <span class='ocrx_word' id='word_1_87' title='bbox 370 1821 405 1863; x_wconf 87' lang='grc' dir='ltr'><strong><em>τε</em></strong></span> <span class='ocrx_word' id='word_1_88' title='bbox 436 1809 565 1883; x_wconf 82' lang='grc' dir='ltr'><strong><em>πρῶτος</em></strong></span> <span class='ocrx_word' id='word_1_89' title='bbox 590 1795 816 1883; x_wconf 78' lang='grc' dir='ltr'><strong><em>Ἀριστοτέλης</em></strong></span> <span class='ocrx_word' id='word_1_90' title='bbox 845 1806 942 1861; x_wconf 88' lang='grc' dir='ltr'><strong><em>τοῦτο</em></strong></span> <span class='ocrx_word' id='word_1_91' title='bbox 974 1809 1095 1876; x_wconf 85' lang='grc' dir='ltr'><strong><em>κοινῶς</em></strong></span> 
     </span>
     <span class='ocr_line' id='line_1_13' title="bbox 78 1900 1144 1992; baseline -0.006 -20"><span class='ocrx_word' id='word_1_92' title='bbox 78 1903 319 1992; x_wconf 81' lang='grc' dir='ltr'><strong><em>ἀΙπεφηναντο,</em></strong></span> <span class='ocrx_word' id='word_1_93' title='bbox 337 1905 382 1982; x_wconf 77' lang='grc' dir='ltr'><strong><em>ὡς</em></strong></span> <span class='ocrx_word' id='word_1_94' title='bbox 402 1905 546 1970; x_wconf 81' lang='grc' dir='ltr'><strong><em>Πλάτων</em></strong></span> <span class='ocrx_word' id='word_1_95' title='bbox 564 1906 704 1987; x_wconf 88' lang='grc' dir='ltr'><strong><em>γενητὸν</em></strong></span> <span class='ocrx_word' id='word_1_96' title='bbox 723 1900 812 1968; x_wconf 84' lang='grc' dir='ltr'><strong><em>εἷναί</em></strong></span> <span class='ocrx_word' id='word_1_97' title='bbox 827 1921 932 1987; x_wconf 89' lang='grc' dir='ltr'><strong><em>φησιν</em></strong></span> <span class='ocrx_word' id='word_1_98' title='bbox 953 1906 1036 1967; x_wconf 84' lang='grc' dir='ltr'><strong><em>κατά</em></strong></span> <span class='ocrx_word' id='word_1_99' title='bbox 1049 1920 1144 1962; x_wconf 65' lang='grc' dir='ltr'><strong><em>τοισιν</em></strong></span> 
     </span>
     <span class='ocr_line' id='line_1_14' title="bbox 79 2009 1096 2099; baseline -0.004 -22"><span class='ocrx_word' id='word_1_100' title='bbox 79 2015 208 2099; x_wconf 79' lang='grc' dir='ltr'><strong><em>χρόνον</em></strong></span> <span class='ocrx_word' id='word_1_101' title='bbox 234 2013 295 2077; x_wconf 89' lang='grc' dir='ltr'><strong><em>τὸν</em></strong></span> <span class='ocrx_word' id='word_1_102' title='bbox 322 2014 463 2095; x_wconf 85' lang='grc' dir='ltr'><strong><em>κόσμον,</em></strong></span> <span class='ocrx_word' id='word_1_103' title='bbox 489 2009 660 2075; x_wconf 79' lang='grc' dir='ltr'><strong><em>τουτέστιν</em></strong></span> <span class='ocrx_word' id='word_1_104' title='bbox 683 2009 788 2096; x_wconf 80' lang='grc' dir='ltr'><strong><em>ἀρχὴν</em></strong></span> <span class='ocrx_word' id='word_1_105' title='bbox 805 2021 863 2094; x_wconf 74' lang='grc' dir='ltr'><strong><em>τῆς</em></strong></span> <span class='ocrx_word' id='word_1_106' title='bbox 885 2009 1096 2086; x_wconf 84' lang='grc' dir='ltr'><strong><em>ὑποστάσεως</em></strong></span> 
     </span>
     <span class='ocr_line' id='line_1_15' title="bbox 79 2115 1096 2204; baseline -0.003 -20"><span class='ocrx_word' id='word_1_107' title='bbox 79 2118 256 2202; x_wconf 74' lang='grc' dir='ltr'><strong><em>εἰληφέναι</em></strong></span> <span class='ocrx_word' id='word_1_108' title='bbox 288 2120 453 2204; x_wconf 86' lang='grc' dir='ltr'><strong><em>πρότερον</em></strong></span> <span class='ocrx_word' id='word_1_109' title='bbox 484 2117 546 2182; x_wconf 87' lang='grc' dir='ltr'><strong><em>οὐκ</em></strong></span> <span class='ocrx_word' id='word_1_110' title='bbox 579 2118 672 2180; x_wconf 77' lang='grc' dir='ltr'><strong><em>ὄντα·</em></strong></span> <span class='ocrx_word' id='word_1_111' title='bbox 705 2116 788 2182; x_wconf 81' lang='grc' dir='ltr'><strong><em>ἀλλὰ</em></strong></span> <span class='ocrx_word' id='word_1_112' title='bbox 819 2115 900 2201; x_wconf 79' lang='grc' dir='ltr'><strong><em>πρίν</em></strong></span> <span class='ocrx_word' id='word_1_113' title='bbox 935 2118 993 2193; x_wconf 86' lang='grc' dir='ltr'><strong><em>τὰς</em></strong></span> <span class='ocrx_word' id='word_1_114' title='bbox 1028 2126 1096 2181; x_wconf 82' lang='grc' dir='ltr'><strong><em>τῶν</em></strong></span> 
     </span>
     <span class='ocr_line' id='line_1_16' title="bbox 79 2222 1136 2309; baseline 0 -20"><span class='ocrx_word' id='word_1_115' title='bbox 79 2226 196 2289; x_wconf 76' lang='grc' dir='ltr'><strong><em>ἄλλων</em></strong></span> <span class='ocrx_word' id='word_1_116' title='bbox 222 2222 437 2309; x_wconf 74' lang='grc' dir='ltr'><strong><em>παραθέσθαι</em></strong></span> <span class='ocrx_word' id='word_1_117' title='bbox 465 2226 647 2308; x_wconf 88' lang='grc' dir='ltr'><strong><em>μαρτυρίας</em></strong></span> <span class='ocrx_word' id='word_1_118' title='bbox 674 2233 789 2306; x_wconf 82' lang='grc' dir='ltr'><strong><em>σαφῶς</em></strong></span> <span class='ocrx_word' id='word_1_119' title='bbox 819 2222 900 2306; x_wconf 78' lang='grc' dir='ltr'><strong><em>ἡμῖν</em></strong></span> <span class='ocrx_word' id='word_1_120' title='bbox 930 2224 1095 2306; x_wconf 84' lang='grc' dir='ltr'><strong><em>δηλούσας</em></strong></span> <span class='ocrx_word' id='word_1_121' title='bbox 1110 2246 1136 2289; x_wconf 82' lang='grc' dir='ltr'><strong><em>ιι</em></strong></span> 
     </span>
     <span class='ocr_line' id='line_1_17' title="bbox 78 2328 1096 2416; baseline 0 -21"><span class='ocrx_word' id='word_1_122' title='bbox 78 2332 123 2395; x_wconf 81' lang='grc' dir='ltr'><strong><em>τὰ</em></strong></span> <span class='ocrx_word' id='word_1_123' title='bbox 147 2331 304 2395; x_wconf 85' lang='grc' dir='ltr'><strong><em>Πλάτωνι</em></strong></span> <span class='ocrx_word' id='word_1_124' title='bbox 331 2329 407 2416; x_wconf 78' lang='grc' dir='ltr'><strong><em>περὶ</em></strong></span> <span class='ocrx_word' id='word_1_125' title='bbox 435 2340 493 2414; x_wconf 79' lang='grc' dir='ltr'><strong><em>τῆς</em></strong></span> <span class='ocrx_word' id='word_1_126' title='bbox 515 2338 575 2394; x_wconf 89' lang='grc' dir='ltr'><strong><em>τοῦ</em></strong></span> <span class='ocrx_word' id='word_1_127' title='bbox 598 2332 725 2412; x_wconf 92' lang='grc' dir='ltr'><strong><em>κόσμου</em></strong></span> <span class='ocrx_word' id='word_1_128' title='bbox 750 2331 915 2394; x_wconf 87' lang='grc' dir='ltr'><strong><em>δοκοῦντα</em></strong></span> <span class='ocrx_word' id='word_1_129' title='bbox 938 2328 1096 2412; x_wconf 85' lang='grc' dir='ltr'><strong><em>γενέσεως</em></strong></span> 
     </span>
     <span class='ocr_line' id='line_1_18' title="bbox 79 2434 1095 2522; baseline -0.002 -20"><span class='ocrx_word' id='word_1_130' title='bbox 79 2436 187 2514; x_wconf 81' lang='grc' dir='ltr'><strong><em>αὐτὰς</em></strong></span> <span class='ocrx_word' id='word_1_131' title='bbox 222 2439 388 2522; x_wconf 86' lang='grc' dir='ltr'><strong><em>πρότερον</em></strong></span> <span class='ocrx_word' id='word_1_132' title='bbox 423 2437 481 2513; x_wconf 82' lang='grc' dir='ltr'><strong><em>τὰς</em></strong></span> <span class='ocrx_word' id='word_1_133' title='bbox 518 2437 698 2513; x_wconf 86' lang='grc' dir='ltr'><strong><em>Πλάτωνος</em></strong></span> <span class='ocrx_word' id='word_1_134' title='bbox 739 2434 842 2513; x_wconf 80' lang='grc' dir='ltr'><strong><em>λεξεις</em></strong></span> <span class='ocrx_word' id='word_1_135' title='bbox 881 2434 1095 2521; x_wconf 71' lang='grc' dir='ltr'><strong><em>παραθέσθαι</em></strong></span> 
     </span>
     <span class='ocr_line' id='line_1_19' title="bbox 79 2536 1097 2627; baseline -0.003 -18"><span class='ocrx_word' id='word_1_136' title='bbox 79 2542 190 2626; x_wconf 77' lang='grc' dir='ltr'><strong><em>ἀξιον,</em></strong></span> <span class='ocrx_word' id='word_1_137' title='bbox 214 2540 257 2608; x_wconf 88' lang='grc' dir='ltr'><strong><em>δι’</em></strong></span> <span class='ocrx_word' id='word_1_138' title='bbox 281 2536 329 2608; x_wconf 83' lang='grc' dir='ltr'><strong><em>ὧν</em></strong></span> <span class='ocrx_word' id='word_1_139' title='bbox 350 2544 411 2607; x_wconf 91' lang='grc' dir='ltr'><strong><em>τὸν</em></strong></span> <span class='ocrx_word' id='word_1_140' title='bbox 433 2544 560 2626; x_wconf 88' lang='grc' dir='ltr'><strong><em>κόσμον</em></strong></span> <span class='ocrx_word' id='word_1_141' title='bbox 583 2545 723 2626; x_wconf 90' lang='grc' dir='ltr'><strong><em>γενητόν</em></strong></span> <span class='ocrx_word' id='word_1_142' title='bbox 745 2565 780 2606; x_wconf 91' lang='grc' dir='ltr'><strong><em>τε</em></strong></span> <span class='ocrx_word' id='word_1_143' title='bbox 803 2538 889 2607; x_wconf 77' lang='grc' dir='ltr'><strong><em>εἶναι</em></strong></span> <span class='ocrx_word' id='word_1_144' title='bbox 912 2541 967 2606; x_wconf 82' lang='grc' dir='ltr'><strong><em>καί</em></strong></span> <span class='ocrx_word' id='word_1_145' title='bbox 991 2541 1097 2627; x_wconf 80' lang='grc' dir='ltr'><strong><em>ἀρχὴν</em></strong></span> 
     </span>
     <span class='ocr_line' id='line_1_20' title="bbox 79 2644 1095 2735; baseline -0.001 -20"><span class='ocrx_word' id='word_1_146' title='bbox 79 2653 173 2735; x_wconf 79' lang='grc' dir='ltr'><strong><em>ἐχειν</em></strong></span> <span class='ocrx_word' id='word_1_147' title='bbox 191 2649 422 2733; x_wconf 83' lang='grc' dir='ltr'><strong><em>ἀποφαίνεται,</em></strong></span> <span class='ocrx_word' id='word_1_148' title='bbox 441 2644 512 2714; x_wconf 77' lang='grc' dir='ltr'><strong><em>εἶτα</em></strong></span> <span class='ocrx_word' id='word_1_149' title='bbox 534 2648 589 2713; x_wconf 82' lang='grc' dir='ltr'><strong><em>καὶ</em></strong></span> <span class='ocrx_word' id='word_1_150' title='bbox 611 2651 690 2726; x_wconf 90' lang='grc' dir='ltr'><strong><em>τοὺς</em></strong></span> <span class='ocrx_word' id='word_1_151' title='bbox 713 2651 835 2731; x_wconf 89' lang='grc' dir='ltr'><strong><em>λόγους</em></strong></span> <span class='ocrx_word' id='word_1_152' title='bbox 853 2647 1095 2727; x_wconf 80' lang='grc' dir='ltr'><strong><em>ἐπισκέψασθαι</em></strong></span> 
     </span>
     <span class='ocr_line' id='line_1_21' title="bbox 79 2753 1138 2841; baseline -0.002 -19"><span class='ocrx_word' id='word_1_153' title='bbox 79 2757 207 2832; x_wconf 81' lang='grc' dir='ltr'><strong><em>οἵτινες</em></strong></span> <span class='ocrx_word' id='word_1_154' title='bbox 234 2766 413 2841; x_wconf 81' lang='grc' dir='ltr'><strong><em>πειρῶνται</em></strong></span> <span class='ocrx_word' id='word_1_155' title='bbox 440 2756 481 2819; x_wconf 85' lang='grc' dir='ltr'><strong><em>τὰ</em></strong></span> <span class='ocrx_word' id='word_1_156' title='bbox 508 2755 613 2831; x_wconf 79' lang='grc' dir='ltr'><strong><em>οὕτως</em></strong></span> <span class='ocrx_word' id='word_1_157' title='bbox 641 2754 788 2840; x_wconf 79' lang='grc' dir='ltr'><strong><em>ἐναργῶς</em></strong></span> <span class='ocrx_word' id='word_1_158' title='bbox 811 2753 1097 2839; x_wconf 87' lang='grc' dir='ltr'><strong><em>ἀναπεφωνημένα</em></strong></span> <span class='ocrx_word' id='word_1_159' title='bbox 1110 2780 1138 2820; x_wconf 79' lang='grc' dir='ltr'><strong><em>ιο</em></strong></span> 
     </span>
     <span class='ocr_line' id='line_1_22' title="bbox 82 2858 1096 2945; baseline 0 -18"><span class='ocrx_word' id='word_1_160' title='bbox 82 2863 242 2927; x_wconf 85' lang='grc' dir='ltr'><strong><em>Πλάτωνι</em></strong></span> <span class='ocrx_word' id='word_1_161' title='bbox 278 2863 362 2945; x_wconf 87' lang='grc' dir='ltr'><strong><em>πρὸς</em></strong></span> <span class='ocrx_word' id='word_1_162' title='bbox 397 2862 434 2925; x_wconf 92' lang='grc' dir='ltr'><strong><em>τὸ</em></strong></span> <span class='ocrx_word' id='word_1_163' title='bbox 473 2862 598 2926; x_wconf 87' lang='grc' dir='ltr'><strong><em>δοκοῦν</em></strong></span> <span class='ocrx_word' id='word_1_164' title='bbox 634 2858 764 2936; x_wconf 86' lang='grc' dir='ltr'><strong><em>ἑαυτοῖς</em></strong></span> <span class='ocrx_word' id='word_1_165' title='bbox 796 2859 1013 2942; x_wconf 80' lang='grc' dir='ltr'><strong><em>ἐκβιάζεσθαι.</em></strong></span> <span class='ocrx_word' id='word_1_166' title='bbox 1060 2860 1096 2927; x_wconf 91' lang='grc' dir='ltr'><strong><em>ἐν</em></strong></span> 
     </span>
     <span class='ocr_line' id='line_1_23' title="bbox 79 2963 1095 3055; baseline 0 -21"><span class='ocrx_word' id='word_1_167' title='bbox 79 2973 203 3034; x_wconf 88' lang='grc' dir='ltr'><strong><em>τοίνυν</em></strong></span> <span class='ocrx_word' id='word_1_168' title='bbox 239 2975 285 3055; x_wconf 75' lang='grc' dir='ltr'><strong><em>τῷ</em></strong></span> <span class='ocrx_word' id='word_1_169' title='bbox 323 2971 449 3055; x_wconf 80' lang='grc' dir='ltr'><strong><em>Τιμαίῳ</em></strong></span> <span class='ocrx_word' id='word_1_170' title='bbox 487 2971 578 3034; x_wconf 88' lang='grc' dir='ltr'><strong><em>ἐστιν</em></strong></span> <span class='ocrx_word' id='word_1_171' title='bbox 612 2963 674 3049; x_wconf 72' lang='grc' dir='ltr'><strong><em>μέν</em></strong></span> <span class='ocrx_word' id='word_1_172' title='bbox 711 2966 729 3032; x_wconf 83' lang='grc' dir='ltr'><strong>ὁ</strong></span> <span class='ocrx_word' id='word_1_173' title='bbox 766 2976 829 3044; x_wconf 87' lang='grc' dir='ltr'><strong><em>πᾶς</em></strong></span> <span class='ocrx_word' id='word_1_174' title='bbox 861 2975 907 3053; x_wconf 77' lang='grc' dir='ltr'><strong><em>τῷ</em></strong></span> <span class='ocrx_word' id='word_1_175' title='bbox 940 2969 1095 3034; x_wconf 88' lang='grc' dir='ltr'><strong><em>Πλάτωνι</em></strong></span> 
     </span>
     <span class='ocr_line' id='line_1_24' title="bbox 80 3071 1096 3158; baseline 0.001 -18"><span class='ocrx_word' id='word_1_176' title='bbox 80 3075 209 3151; x_wconf 86' lang='grc' dir='ltr'><strong><em>σκοπὸς</em></strong></span> <span class='ocrx_word' id='word_1_177' title='bbox 231 3073 307 3158; x_wconf 80' lang='grc' dir='ltr'><strong><em>περὶ</em></strong></span> <span class='ocrx_word' id='word_1_178' title='bbox 330 3085 388 3158; x_wconf 80' lang='grc' dir='ltr'><strong><em>τῆς</em></strong></span> <span class='ocrx_word' id='word_1_179' title='bbox 410 3083 471 3139; x_wconf 90' lang='grc' dir='ltr'><strong><em>τοῦ</em></strong></span> <span class='ocrx_word' id='word_1_180' title='bbox 493 3077 620 3158; x_wconf 89' lang='grc' dir='ltr'><strong><em>κόσμου</em></strong></span> <span class='ocrx_word' id='word_1_181' title='bbox 644 3071 805 3157; x_wconf 83' lang='grc' dir='ltr'><strong><em>γενέσεώς</em></strong></span> <span class='ocrx_word' id='word_1_182' title='bbox 827 3096 861 3137; x_wconf 91' lang='grc' dir='ltr'><strong><em>τε</em></strong></span> <span class='ocrx_word' id='word_1_183' title='bbox 884 3073 939 3138; x_wconf 82' lang='grc' dir='ltr'><strong><em>καί</em></strong></span> <span class='ocrx_word' id='word_1_184' title='bbox 963 3077 1096 3158; x_wconf 86' lang='grc' dir='ltr'><strong><em>φύσεως</em></strong></span> 
     </span>
     <span class='ocr_line' id='line_1_25' title="bbox 78 3178 1096 3267; baseline -0.003 -20"><span class='ocrx_word' id='word_1_185' title='bbox 78 3180 230 3259; x_wconf 82' lang='grc' dir='ltr'><strong><em>διδάξαι·</em></strong></span> <span class='ocrx_word' id='word_1_186' title='bbox 254 3182 354 3246; x_wconf 85' lang='grc' dir='ltr'><strong><em>άκουε</em></strong></span> <span class='ocrx_word' id='word_1_187' title='bbox 378 3178 422 3264; x_wconf 84' lang='grc' dir='ltr'><strong><em>δ’,</em></strong></span> <span class='ocrx_word' id='word_1_188' title='bbox 446 3181 534 3257; x_wconf 86' lang='grc' dir='ltr'><strong><em>ὅπως</em></strong></span> <span class='ocrx_word' id='word_1_189' title='bbox 557 3180 657 3257; x_wconf 87' lang='grc' dir='ltr'><strong><em>αὐτὸς</em></strong></span> <span class='ocrx_word' id='word_1_190' title='bbox 679 3181 739 3244; x_wconf 92' lang='grc' dir='ltr'><strong><em>τὸν</em></strong></span> <span class='ocrx_word' id='word_1_191' title='bbox 761 3183 980 3265; x_wconf 88' lang='grc' dir='ltr'><strong><em>προκείμενον</em></strong></span> <span class='ocrx_word' id='word_1_192' title='bbox 1006 3181 1096 3267; x_wconf 76' lang='grc' dir='ltr'><strong><em>αὐτῷ</em></strong></span> 
     </span>
     <span class='ocr_line' id='line_1_26' title="bbox 78 3285 1137 3373; baseline 0 -19"><span class='ocrx_word' id='word_1_193' title='bbox 78 3289 212 3355; x_wconf 88' lang='grc' dir='ltr'><strong><em>σκοπὸν</em></strong></span> <span class='ocrx_word' id='word_1_194' title='bbox 248 3286 285 3352; x_wconf 93' lang='grc' dir='ltr'><strong><em>ἐν</em></strong></span> <span class='ocrx_word' id='word_1_195' title='bbox 321 3286 461 3365; x_wconf 87' lang='grc' dir='ltr'><strong><em>ἐκείνοις</em></strong></span> <span class='ocrx_word' id='word_1_196' title='bbox 497 3286 699 3371; x_wconf 81' lang='grc' dir='ltr'><strong><em>ἀφορίζεται·</em></strong></span> <span class='ocrx_word' id='word_1_197' title='bbox 743 3285 848 3370; x_wconf 79' lang='grc' dir='ltr'><strong><em>φησίν</em></strong></span> <span class='ocrx_word' id='word_1_198' title='bbox 885 3289 947 3373; x_wconf 80' lang='grc' dir='ltr'><strong><em>γάρ</em></strong></span> <span class='ocrx_word' id='word_1_199' title='bbox 990 3288 1137 3365; x_wconf 76' lang='grc' dir='ltr'><strong><em>οὕτωςιι</em></strong></span> 
     </span>
     <span class='ocr_line' id='line_1_27' title="bbox 76 3389 1096 3479; baseline -0.004 -19"><span class='ocrx_word' id='word_1_200' title='bbox 76 3395 211 3461; x_wconf 51' lang='grc' dir='ltr'><strong><em>(σκόπει</em></strong></span> <span class='ocrx_word' id='word_1_201' title='bbox 236 3394 277 3479; x_wconf 82' lang='grc' dir='ltr'><strong><em>δὴ</em></strong></span> <span class='ocrx_word' id='word_1_202' title='bbox 301 3397 362 3477; x_wconf 85' lang='grc' dir='ltr'><strong><em>τὴν</em></strong></span> <span class='ocrx_word' id='word_1_203' title='bbox 383 3404 451 3458; x_wconf 81' lang='grc' dir='ltr'><strong><em>τῶν</em></strong></span> <span class='ocrx_word' id='word_1_204' title='bbox 470 3392 589 3471; x_wconf 81' lang='grc' dir='ltr'><strong><em>ξενίων</em></strong></span> <span class='ocrx_word' id='word_1_205' title='bbox 607 3411 660 3459; x_wconf 91' lang='grc' dir='ltr'><strong><em>σοι</em></strong></span> <span class='ocrx_word' id='word_1_206' title='bbox 679 3393 846 3477; x_wconf 79' lang='grc' dir='ltr'><strong><em>διάθεσιν,</em></strong></span> <span class='ocrx_word' id='word_1_207' title='bbox 865 3389 891 3458; x_wconf 80' lang='grc' dir='ltr'><strong>ὦ</strong></span> <span class='ocrx_word' id='word_1_208' title='bbox 911 3395 1096 3478; x_wconf 84' lang='grc' dir='ltr'><strong><em>Σώκρατες,</em></strong></span> 
     </span>
     <span class='ocr_line' id='line_1_28' title="bbox 76 3495 1097 3586; baseline -0.001 -21"><span class='ocrx_word' id='word_1_209' title='bbox 76 3495 102 3586; x_wconf 75' lang='grc' dir='ltr'><strong><em>ᾗ</em></strong></span> <span class='ocrx_word' id='word_1_210' title='bbox 133 3499 303 3584; x_wconf 85' lang='grc' dir='ltr'><strong><em>διέθεμεν·</em></strong></span> <span class='ocrx_word' id='word_1_211' title='bbox 332 3499 424 3577; x_wconf 77' lang='grc' dir='ltr'><strong><em>ἔδοξε</em></strong></span> <span class='ocrx_word' id='word_1_212' title='bbox 457 3502 519 3585; x_wconf 85' lang='grc' dir='ltr'><strong><em>γάρ</em></strong></span> <span class='ocrx_word' id='word_1_213' title='bbox 551 3500 632 3583; x_wconf 77' lang='grc' dir='ltr'><strong><em>ἡμίν</em></strong></span> <span class='ocrx_word' id='word_1_214' title='bbox 664 3502 803 3583; x_wconf 89' lang='grc' dir='ltr'><strong><em>Τίμαιον</em></strong></span> <span class='ocrx_word' id='word_1_215' title='bbox 834 3496 896 3583; x_wconf 74' lang='grc' dir='ltr'><strong><em>μὲν</em></strong></span> <span class='ocrx_word' id='word_1_216' title='bbox 928 3501 983 3564; x_wconf 78' lang='grc' dir='ltr'><strong><em>ἅτε</em></strong></span> <span class='ocrx_word' id='word_1_217' title='bbox 1016 3501 1097 3564; x_wconf 84' lang='grc' dir='ltr'><strong><em>ὄντα</em></strong></span> 
     </span>
     <span class='ocr_line' id='line_1_29' title="bbox 76 3603 1096 3694; baseline -0.004 -20"><span class='ocrx_word' id='word_1_218' title='bbox 76 3608 415 3694; x_wconf 85' lang='grc' dir='ltr'><strong><em>ἀστρονομικώτατον</em></strong></span> <span class='ocrx_word' id='word_1_219' title='bbox 441 3606 536 3690; x_wconf 80' lang='grc' dir='ltr'><strong><em>ἡμῶν</em></strong></span> <span class='ocrx_word' id='word_1_220' title='bbox 558 3604 613 3670; x_wconf 77' lang='grc' dir='ltr'><strong><em>καί</em></strong></span> <span class='ocrx_word' id='word_1_221' title='bbox 635 3603 711 3688; x_wconf 78' lang='grc' dir='ltr'><strong><em>περὶ</em></strong></span> <span class='ocrx_word' id='word_1_222' title='bbox 735 3607 867 3687; x_wconf 89' lang='grc' dir='ltr'><strong><em>φύσεως</em></strong></span> <span class='ocrx_word' id='word_1_223' title='bbox 890 3613 950 3670; x_wconf 86' lang='grc' dir='ltr'><strong><em>τοῦ</em></strong></span> <span class='ocrx_word' id='word_1_224' title='bbox 973 3607 1096 3684; x_wconf 88' lang='grc' dir='ltr'><strong><em>παντὸς</em></strong></span> 
     </span>
    </p>
   </div>
   <div class='ocr_carea' id='block_1_4' title="bbox 142 3833 1123 4012">
    <p class='ocr_par' dir='ltr' id='par_1_5' title="bbox 142 3833 1123 4012">
     <span class='ocr_line' id='line_1_30' title="bbox 157 3833 1123 3912; baseline 0.002 -23"><span class='ocrx_word' id='word_1_225' title='bbox 157 3843 198 3890; x_wconf 93' lang='lat'><strong><em>11.</em></strong></span> <span class='ocrx_word' id='word_1_226' title='bbox 218 3835 302 3889; x_wconf 74' lang='lat' dir='ltr'>Arist.</span> <span class='ocrx_word' id='word_1_227' title='bbox 313 3835 394 3902; x_wconf 72' lang='lat' dir='ltr'>phys.</span> <span class='ocrx_word' id='word_1_228' title='bbox 412 3837 464 3890; x_wconf 76' lang='lat'><strong><em>81</em></strong></span> <span class='ocrx_word' id='word_1_229' title='bbox 481 3853 510 3905; x_wconf 87' lang='grc' dir='ltr'><strong><em>μ,</em></strong></span> <span class='ocrx_word' id='word_1_230' title='bbox 526 3833 603 3888; x_wconf 81' lang='grc' dir='ltr'><strong><em>261δ</em></strong></span> <span class='ocrx_word' id='word_1_231' title='bbox 625 3840 665 3891; x_wconf 84' lang='grc'><strong><em>19,</em></strong></span> <span class='ocrx_word' id='word_1_232' title='bbox 688 3833 724 3891; x_wconf 78' lang='lat' dir='ltr'><strong><em>de</em></strong></span> <span class='ocrx_word' id='word_1_233' title='bbox 744 3836 825 3895; x_wconf 79' lang='lat' dir='ltr'>caelo</span> <span class='ocrx_word' id='word_1_234' title='bbox 847 3839 872 3894; x_wconf 74' lang='lat' dir='ltr'>A</span> <span class='ocrx_word' id='word_1_235' title='bbox 886 3844 924 3896; x_wconf 75' lang='lat'><strong><em>10</em></strong></span> <span class='ocrx_word' id='word_1_236' title='bbox 941 3842 1069 3912; x_wconf 52' lang='grc' dir='ltr'><strong><em>φέλθθυ.</em></strong></span> <span class='ocrx_word' id='word_1_237' title='bbox 1082 3841 1123 3891; x_wconf 61' lang='grc' dir='ltr'><strong><em>θλ)</em></strong></span> 
     </span>
     <span class='ocr_line' id='line_1_31' title="bbox 142 3907 959 4012; baseline 0.007 -7"><span class='ocrx_word' id='word_1_238' title='bbox 142 3943 182 3988; x_wconf 66' lang='grc' dir='ltr'><strong><em>ιι</em></strong></span> <span class='ocrx_word' id='word_1_239' title='bbox 202 3907 350 4005; x_wconf 58' lang='grc' dir='ltr'><strong><em>δείνων</em></strong></span> <span class='ocrx_word' id='word_1_240' title='bbox 371 3957 435 4006; x_wconf 76' lang='lat' dir='ltr'><strong><em>nm</em></strong></span> <span class='ocrx_word' id='word_1_241' title='bbox 455 3946 480 4012; x_wconf 79' lang='grc' dir='ltr'><strong><em>τ,</em></strong></span> <span class='ocrx_word' id='word_1_242' title='bbox 500 3941 537 3998; x_wconf 80' lang='grc' dir='ltr'><strong><em>ιι</em></strong></span> <span class='ocrx_word' id='word_1_243' title='bbox 610 3951 653 4005; x_wconf 79' lang='grc' dir='ltr'><strong><em>ιι.</em></strong></span> <span class='ocrx_word' id='word_1_244' title='bbox 676 3947 756 4009; x_wconf 72' lang='grc' dir='ltr'><strong><em>Ριιι.</em></strong></span> <span class='ocrx_word' id='word_1_245' title='bbox 779 3950 861 4010; x_wconf 68' lang='lat' dir='ltr'>Tim.</span> <span class='ocrx_word' id='word_1_246' title='bbox 878 3953 959 4010; x_wconf 70' lang='lat' dir='ltr'>m</span> 
     </span>
    </p>
   </div>
   <div class='ocr_carea' id='block_1_5' title="bbox 0 0 1202 4208">
    <p class='ocr_par' dir='ltr' id='par_1_6' title="bbox 0 0 1202 4208">
     <span class='ocr_line' id='line_1_32' title="bbox 0 0 1202 4208; baseline 0 0"><span class='ocrx_word' id='word_1_247' title='bbox 0 0 1202 4208; x_wconf 95' lang='lat' dir='ltr'><strong><em> </em></strong></span> 
     </span>
    </p>
   </div>
  </div>
 </body>
</html>
