2394 4208
10 39 840 329 ι.

77 568 141 621 XIII
157 568 201 639 18]
349 566 397 620 DE
416 566 675 622 AETERNITATE
693 567 815 624 MVNDI
1021 568 1087 634 533

78 731 187 815 λέγειν
210 730 229 813 ἢ
253 729 355 814 πέρας
378 733 527 815 ἔχοντας,
550 731 588 795 τὸ
607 727 669 814 μέν
691 730 849 818 ἀπείρους
866 731 1026 816 ἡγήσαιτο
1045 733 1088 796 ἀν

77 863 126 914 τις
149 840 253 913 όντως
273 838 277 920 Ι
299 837 437 924 ἀπείρου
460 838 552 914 τινὸς
575 832 662 902 εἶναι
685 838 808 921 δόγμα,
832 832 880 903 ὧν
899 841 1008 922 ἔμπει-
1026 855 1066 894 101.
1074 855 1140 896 mv.

78 968 140 1028 ρον
171 944 278 1029 χρεὼν
311 940 411 1028 εἶναι,
447 947 589 1029 πότερον
627 940 663 1008 δέ
694 943 753 1009 ἕνα
784 944 805 1027 ἣ
837 944 933 1010 πέντε
966 945 1088 1022 αὐτοὺς

79 1051 220 1137 ἀληθείη
243 1054 433 1134 πεφυκότας
456 1050 565 1133 λέγειν
587 1047 666 1115 ποτέ
689 1054 864 1136 προσήκει,
892 1056 1019 1135 μᾶλλον
1046 1050 1089 1116 ἀν

79 1159 180 1243 ταύτη
205 1159 338 1234 εἰκότως
361 1158 569 1243 διαπορῆσαι.
606 1157 644 1221 τὸ
667 1153 729 1240 μέν
752 1152 815 1222 οὖν
838 1159 879 1241 δὴ
898 1157 974 1244 παρ’
993 1159 1088 1243 ἡμῶν
1115 1185 1129 1225 ε

78 1263 137 1328 ἕνα
167 1264 270 1328 αὐτὸν
299 1266 381 1328 κατά
410 1265 470 1329 τὸν
500 1265 609 1328 είκότα
638 1267 741 1346 λόγον
770 1267 943 1348 πεφυκότα
970 1266 1090 1349 μηνύει

78 1373 172 1454 θεόν,
202 1371 301 1447 ἀλλος
332 1368 360 1433 δ’
391 1372 438 1447 εἰς
471 1371 554 1434 ἀλλα
582 1392 627 1455 πη
656 1370 781 1452 βλέψας
811 1369 906 1457 ἕτερα
936 1369 1088 1448 δοξάσεί.

79 1477 128 1540 ὅτι
156 1473 218 1560 μέν
246 1476 307 1541 οὐκ
336 1478 384 1553 είς
410 1479 449 1541 τά
477 1477 618 1563 οὐράνια
641 1484 687 1564 τῷ
710 1476 926 1565 δωδεκαέδρςο
951 1481 1089 1563 σχήματι

79 1584 138 1646 τὸν
169 1584 254 1648 θεὸν
287 1582 304 1646 ὁ
333 1583 475 1647 Πλάτων
507 1581 612 1666 φησίν
641 1586 911 1669 καταχρήσασθαι
943 1582 1014 1648 ἀλλ’
1042 1586 1089 1662 είς

79 1692 115 1753 τὸ
144 1699 221 1773 πᾶν,
250 1690 355 1772 δῆλον
383 1689 418 1754 έκ
446 1697 514 1754 τῶν
542 1689 645 1754 αὐτοῦ
673 1688 794 1768 λέξεων
816 1688 963 1773 γέγονεν.
1010 1690 1027 1755 δ
1052 1687 1089 1756 δέ
1103 1717 1130 1756 ιο

80 1796 224 1880 οὐρανὸς
255 1795 316 1860 οὐκ
347 1798 437 1861 ἔστιν
465 1797 502 1860 τὸ
532 1805 599 1861 πᾶν
629 1795 712 1861 ἀλλά
741 1806 801 1861 τοῦ
830 1797 955 1873 παντὸς
982 1794 1089 1882 μέρος.

80 1901 135 1967 καὶ
164 1902 199 1966 έκ
226 1910 294 1967 τῶν
322 1903 529 1985 φθασάντων
556 1901 703 1988 ἐναργῶς
732 1903 910 1987 δέδεικται,
941 1903 985 1979 ὡς
1012 1903 1090 1968 σύν-

80 2014 184 2072 θετον
207 2008 242 2072 έκ
265 2017 333 2072 τόν
355 2010 524 2094 τεσσάρων
549 2013 720 2094 στοιχείων
742 2010 802 2074 τὸν
830 2008 977 2095 οὐρανὸν
1005 2003 1090 2073 εἶναι

81 2115 98 2178 δ
125 2117 266 2180 Πλάτων
295 2117 450 2197 βούλεται
481 2114 536 2180 καί
567 2114 642 2200 οὐχὶ
672 2124 741 2180 τιόν
769 2116 941 2201 τεσσάρων
968 2114 1090 2201 ἕτερον.

81 2223 142 2304 τὴν
170 2219 206 2286 δὲ
233 2229 301 2286 τολν
329 2221 556 2306 προκειμένων
579 2222 689 2306 ῥητῶν
712 2232 772 2287 τοῦ
797 2223 978 2299 Πλάτωνος
1001 2221 1090 2307 ἀκρι-
1105 2247 1131 2287 ιε

81 2327 241 2413 βεστέραν
270 2326 440 2412 ἐξήγησιν,
468 2327 532 2416 ὅτῳ
561 2332 678 2412 φίλον,
711 2327 765 2393 καὶ
792 2330 881 2414 παρά
912 2336 981 2393 τῶν
1011 2351 1091 2414 προ-

82 2434 446 2518 υπομνηματισαμένων
465 2436 580 2516 λαβεῖν
599 2431 737 2512 ἔξεστιν·
760 2433 815 2499 καί
836 2436 929 2520 ἡμεῖς
953 2431 989 2499 δέ
1013 2453 1092 2500 συν-

82 2543 189 2625 τόμως
212 2543 273 2624 τὴν
296 2541 433 2606 ἐκείνων
456 2542 503 2618 είς
526 2542 567 2605 τά
588 2545 789 2626 προκείμενα
812 2542 967 2606 διάνοιαν
993 2539 1092 2624 ἐκθη-

82 2651 219 2731 σόμεθα.
273 2647 328 2713 καί
366 2649 428 2732 γάρ
468 2645 500 2724 ἐξ
533 2647 634 2730 αὐτῆς
670 2656 727 2730 τῆς
760 2648 941 2723 Πλάτωνος
977 2645 1092 2725 λέξεως

82 2753 180 2819 παντί
212 2755 316 2838 δῆλόν
348 2753 453 2838 ἐστιν,
489 2757 525 2817 τί
553 2775 632 2817 ποτε
665 2753 754 2841 αὐτῷ
785 2755 941 2835 βούλεται
972 2753 992 2838 ἡ
1024 2761 1093 2819 τῶν
1106 2779 1134 2820 ιο

82 2860 178 2925 πέντε
207 2861 380 2945 σχημάτων
408 2861 593 2944 συμβολικὴ
622 2860 833 2944 διδασκαλία,
862 2860 912 2924 ὅτι
941 2859 981 2925 οὐ
1008 2861 1093 2946 πρὸς

83 2966 225 3045 ἔνδειξιν
252 2976 312 3032 τοῦ
341 2966 377 3031 έκ
405 2967 502 3033 πέντε
530 2966 690 3049 σωμάτων
720 2965 835 3031 ἀπλοὸν
862 2968 938 3031 τόδε
965 2969 1003 3032 τὸ
1026 2977 1093 3032 πάν

83 3076 296 3157 συνεστάναι,
325 3075 369 3150 ὡς
392 3075 424 3139 οἱ
447 3072 523 3159 περὶ
542 3071 773 3159 Ἀριστοτέλην
795 3072 974 3138 ὑπέθεντο·
1002 3076 1091 3157 ἔφθη

83 3181 146 3264 γάρ
171 3181 273 3245 εἰπὼν
296 3181 358 3264 ἤδη
384 3182 527 3245 Πλάτων
549 3178 625 3265 περὶ
648 3187 716 3244 τῶν
735 3181 903 3264 τεσσάρων
922 3183 1094 3265 στοιχείων

83 3288 318 3370 διαλεγόμενος
342 3285 392 3350 ὅτι
416 3285 543 3351 ὀὐδενὶ
567 3289 852 3372 συγχωρησόμεθα
874 3291 997 3352 καλλίω
1017 3287 1092 3351 τού·
1107 3311 1134 3353 τε

83 3417 150 3456 των
178 3393 330 3478 ὁρώμενα
358 3395 491 3477 σώματα
519 3388 608 3458 εἶναί
632 3416 698 3457 που
726 3395 807 3458 κατὰ
835 3394 872 3458 ἓν
900 3394 997 3476 γένος
1020 3391 1093 3457 ἕκα-

83 3517 164 3562 στου
192 3500 254 3580 ἀν’,
282 3497 352 3563 ἀλλ’
382 3498 451 3564 ἐπεὶ
478 3500 584 3582 πολλὴ
613 3498 752 3583 γέγονεν
775 3511 844 3577 τοῖς
868 3497 1095 3585 ἀρχαιοτέροις

82 3605 102 3687 ἡ
137 3609 281 3689 ζήτησις,
313 3608 455 3690 πότερον
488 3597 535 3682 εἷς
567 3604 657 3671 ἐστιν
688 3610 810 3690 κόσμος
840 3605 860 3689 ἢ
891 3610 1042 3682 πλείονες
1072 3604 1092 3688 ἢ

155 3804 179 3852 λ.
199 3817 240 3859 τις
259 3813 311 3851 om.
331 3798 402 3852 Plat.
511 3803 535 3852 ὅ.
555 3797 620 3861 στάς
637 3800 702 3868 post
719 3799 809 3869 ταότη
831 3798 902 3851 εδδ.
915 3797 998 3848 Ἆρα.

85 3874 107 3920 7,
128 3869 196 3930 θεὸς
212 3868 284 3922 Plat.
359 3875 400 3924 21.
422 3870 625 3945 tIuIaomhuIv
640 3871 741 3938 erm
814 3875 856 3921 Ἃ
871 3853 1138 3918 ἳΧκκὟιωῆἳ»

148 3943 187 3990 28.
209 3938 226 3992 ό
244 3936 348 4007 κόσμος
364 3945 399 4011 pt
