2394 4208
894 38 902 67 ἴ

10 37 872 343 -ι,
896 98 900 115 τ

96 544 134 600 τι
148 550 191 601 ιι.
206 545 253 617 14]
366 544 414 599 οε
432 542 691 599 mmmmm
709 544 831 601 ιιυυυι
1047 547 1110 613 163

96 707 244 794 οὐρανὸν
267 706 437 792 ἁπάντων,
467 708 512 785 ὡς
533 706 554 790 ἢ
577 708 616 773 τὸ
638 709 795 795 παράπαν
820 708 981 793 οὐδεμίαν
1004 708 1110 796 ἀρχὴν

96 815 228 898 είλήφοι
258 812 417 898 γενέσεως
446 813 501 880 καί
534 815 591 880 διὰ
622 824 722 881 τοῦτο
753 813 827 881 οὐδ’
858 813 924 893 ἔξει
951 819 1109 902 τελευτὴν

95 919 163 985 ἀλλ’
187 917 231 1005 ἦν
253 944 288 985 τε
311 919 362 986 ἀεὶ
385 920 441 987 καὶ
465 920 604 1006 ἕσται,ἢ
628 925 732 1007 μῆκός
755 947 787 988 τι
809 931 867 1007 τῆς
890 921 992 1008 ἀρχῆς
1011 918 1108 1008 εἶναι,

94 1025 152 1110 ἀφ’
181 1022 222 1093 οὐ
246 1026 396 1112 γέγονεν,
419 1027 475 1093 καὶ
498 1028 668 1113 ἀμήχανον
690 1030 816 1116 χρόνον
840 1029 922 1095 ὅσον
945 1032 1108 1113 γεγονότα

94 1140 142 1218 είη
157 1139 352 1220 μακραίωνα
364 1137 442 1218 βίον
456 1146 524 1200 τῶν
538 1134 706 1220 οὐρανίων
726 1135 895 1220 ἐχόντων’,
911 1135 991 1221 ὅπερ
1011 1132 1049 1201 δέ
1067 1135 1105 1202 έν
1131 1163 1145 1203 ε

96 1241 227 1319 τούτοις
246 1241 291 1318 ὡς
308 1239 445 1327 ἀπορῶν
467 1240 610 1328 προθεὶς
632 1243 756 1307 ἄλυτον
780 1248 869 1308 είασε
892 1243 949 1307 διὰ
968 1243 1006 1307 τὸ
1025 1239 1108 1327 μηδὲ

96 1353 298 1432 προκεῖσθαι
322 1347 411 1436 αὐτῷ
435 1347 472 1412 έν
495 1358 566 1424 τοῖς
588 1351 704 1432 νόμοις
726 1346 802 1434 περὶ
825 1359 883 1433 τῆς
900 1357 962 1414 τοῦ
979 1350 1107 1434 κόσμου

95 1458 315 1537 φυσιολογεῖν
341 1453 515 1538 γενέσεως,
540 1463 639 1519 τοῦτο
660 1455 665 1538 Ι
686 1453 766 1519 αὐτὸ
785 1454 887 1519 πάλιν
909 1456 958 1532 είς
980 1453 1044 1533 έξέ-
1061 1471 1160 1516 totwv·

93 1578 191 1627 τασιν
213 1559 252 1626 έν
278 1564 405 1648 Τιμαίφ
427 1564 614 1647 προτείνας,
638 1566 703 1625 εἴτε
724 1556 768 1645 ἦν
791 1558 842 1625 ἀεὶ
867 1560 885 1626 ὁ
908 1563 1032 1646 κόσμος
1053 1586 1106 1647 γε·

90 1666 214 1746 νέσεως
241 1667 347 1754 ἀρχὴν
373 1669 459 1752 έχων
487 1666 648 1752 οὐδεμίαν
675 1673 740 1732 είτε
765 1666 905 1752 γέγονεν
928 1667 981 1733 ἀπ’
1004 1669 1106 1756 ἀρχῆς
1119 1699 1146 1738 ιο

91 1798 184 1853 τινος
211 1772 408 1861 ἀρξάμενος,
436 1775 473 1839 τὸ
505 1773 679 1858 γεγονέναι
705 1776 765 1840 τὸν
788 1777 915 1859 κόσμον
937 1774 992 1840 καὶ
1015 1775 1106 1859 γενέ-

90 1899 174 1958 σεως
203 1881 308 1967 ἀρχὴν
335 1885 424 1966 ἔχειν
451 1879 638 1967 ἐπέκρινεν,
665 1882 841 1967 πρόδηλον
864 1882 972 1966 δήπου
995 1885 1105 1966 παντί,

90 1987 153 2072 ὅτι,
172 1985 248 2074 περὶ
266 1983 306 2072 ἧς
324 1987 362 2052 ἐν
380 1997 451 2065 τοῖς
472 1989 589 2071 νόμοις
607 1987 709 2073 ἀρχῆς
726 1989 906 2075 ἠπόρησεν,
928 1986 1005 2072 περὶ
1027 1989 1104 2053 ταύ-

88 2117 147 2178 της
173 2092 229 2159 καί
257 2093 295 2158 ἐν
320 2101 366 2182 τῷ
399 2096 525 2180 Τιμαίῳ
555 2094 657 2158 πάλιν
687 2093 860 2181 ἀπορήσας
888 2095 1012 2178 ταύτην
1043 2094 1105 2178 τὴν

89 2199 196 2286 ἀρχὴν
226 2201 288 2283 τὴν
316 2209 376 2265 τοῦ
405 2200 531 2277 παντὸς
560 2198 729 2285 ἐκύρωσεν
760 2199 908 2284 γένεσιν·
940 2202 970 2266 εί
1000 2196 1036 2265 δὲ
1067 2199 1144 2269 ένιε

88 2317 160 2385 τοῖς
187 2309 304 2392 νόμοις
333 2318 464 2392 σαφῶς,
492 2308 522 2372 εί
549 2305 655 2394 ἀρχὴν
682 2310 749 2392 ἔχει
772 2309 933 2394 χρονικὴν
954 2306 975 2390 ἢ
1000 2307 1041 2372 οὐ
1064 2307 1104 2373 τό

87 2436 123 2479 τε
153 2413 295 2501 οὐράνια
324 2413 379 2479 καί
411 2414 431 2498 η
461 2425 529 2479 τῶν
560 2414 750 2502 ἀνθρώπων
782 2416 931 2500 ἠπόρησε
963 2412 1103 2498 γένεσις,

86 2518 143 2586 καὶ
173 2519 211 2586 έν
242 2523 367 2608 Τιμαίςο
395 2521 460 2607 ἄρα
489 2518 544 2586 ἀπ’
571 2520 673 2607 ἀρχῆς
699 2545 792 2598 τινος
820 2530 976 2607 χρονικῆς
1005 2517 1103 2606 ἀρξά-

86 2649 192 2710 μενον
219 2627 393 2713 γεγονέναι
421 2630 482 2694 τὸν
508 2631 636 2713 κόσμον
658 2628 862 2714 ἀπεφήνατο.
908 2629 959 2694 ὅτι
985 2623 1023 2691 δέ
1045 2625 1103 2713 ἀρ-

88 2734 153 2819 χὴν
176 2735 265 2817 ἔχειν
287 2736 447 2820 χρονικὴν
470 2734 579 2820 λέγων
601 2735 662 2799 τὸν
683 2736 811 2819 κόσμον
835 2733 852 2800 ὁ
873 2735 1016 2798 Πλάτων
1040 2733 1102 2798 οὐκ
1115 2761 1143 2802 ιο

88 2839 314 2923 ἀσυλλόγιστα
347 2844 590 2925 συλλογίζεται,
623 2842 668 2918 ὡς
698 2849 746 2929 τῷ
778 2842 966 2927 Πορφυρίς)
999 2840 1102 2925 δοκεῖ,

85 2948 210 3032 μικρὸν
231 2947 375 3032 ὕστερον
398 2948 621 3032 δειχθήσεται.

155 3055 176 3118 δ
182 3051 218 3119 ι’.
243 3058 321 3130 Πῶς
344 3049 381 3119 δέ
404 3051 459 3118 καί
482 3065 541 3138 της
564 3053 735 3139 ἀγχινοίας
757 3061 817 3118 τοῦ
844 3053 1027 3132 Πλάτωνος
1049 3060 1100 3138 είη

87 3162 248 3246 θεώρημα
271 3160 377 3237 οὕτως
399 3157 536 3246 ἐναργὲς
558 3160 614 3226 καὶ
636 3170 739 3226 πᾶσιν
762 3159 957 3246 ἀνθρώποις
979 3161 1100 3247 γνώρι-

85 3290 152 3352 μον
179 3277 250 3344 τολς
277 3265 434 3331 ὁπωσοῦν
461 3277 606 3352 φυσικῆς
633 3264 851 3351 γευσαμένοις
873 3269 1019 3352 θεωρίας
1040 3265 1096 3332 καὶ
1111 3291 1138 3333 ιε

84 3371 223 3457 προσέτι
253 3382 324 3450 τοῖς
351 3374 416 3457 πρὸ
450 3373 554 3439 αὐτοῦ
584 3384 741 3458 φυσικοῖς
774 3375 898 3439 ἅπασιν
928 3373 1099 3458 ὡμολογη-

85 3477 205 3564 μένον,
233 3480 278 3556 όις
303 3488 371 3544 πᾶν
393 3488 488 3564 σῶμα
510 3480 679 3566 σύνθετόν
701 3479 793 3546 ἐστιν
817 3477 849 3557 έξ
873 3476 1095 3563 ὑποκειμένου

157 3659 181 3709 2.
202 3652 312 3723 ἐιληφοι
329 3654 371 3721 Μς
390 3654 424 3710 cf.
446 3660 504 3724 162,
525 3660 559 3708 10
648 3661 673 3710 6.
691 3655 817 3726 ἀπορῶν]
841 3655 950 3722 ἀπόρου
973 3653 1003 3706 Μ

86 3725 468 3796 14.ταότηνφδ]ταοτηςΜ
523 3723 1097 3797 16.οίιτοί]ἰιιῒεῐοεύα111ἰλλ.ευειι.Μ

86 3847 152 3918 (ὅσα
167 3851 209 3919 pt)
265 3854 381 3917 18:010oe
395 3848 436 3922 Μ]
455 3848 487 3905 δὲ
505 3852 539 3920 φλ
591 3855 634 3905 23.
653 3829 802 3921 αγχιυοίιιύ
821 3807 873 3905 τᾶν
890 3853 1033 3913 πλατωνος
1051 3826 1095 3920 έίύγ

82 3920 116 3975 Μ
134 3919 210 3992 (fort.
229 3918 375 3992 ἀγχινοίας
392 3919 435 3991 εἴη
454 3929 503 3976 τοῦ
522 3918 681 3990 Μέτωνος)

891 4013 946 4070 ss*
