<?xml version="1.0" encoding="UTF-8"?>
<!DOCTYPE html PUBLIC "-//W3C//DTD XHTML 1.0 Transitional//EN"
    "http://www.w3.org/TR/xhtml1/DTD/xhtml1-transitional.dtd">
<html xmlns="http://www.w3.org/1999/xhtml" xml:lang="en" lang="en">
 <head>
  <title>
</title>
<meta http-equiv="Content-Type" content="text/html;charset=utf-8" />
  <meta name='ocr-system' content='tesseract 3.04.00' />
  <meta name='ocr-capabilities' content='ocr_page ocr_carea ocr_par ocr_line ocrx_word'/>
</head>
<body>
  <div class='ocr_page' id='page_1' title='image "./ioannesphilopon00philgoog_0396.png"; bbox 0 0 2394 4208; ppageno 0'>
   <div class='ocr_carea' id='block_1_1' title="bbox 70 541 1081 614">
    <p class='ocr_par' dir='ltr' id='par_1_1' title="bbox 70 541 1081 614">
     <span class='ocr_line' id='line_1_1' title="bbox 70 541 1081 614; baseline 0.015 -19"><span class='ocrx_word' id='word_1_1' title='bbox 70 541 109 614; x_wconf 82' lang='lat' dir='ltr'><strong><em>x]</em></strong></span> <span class='ocrx_word' id='word_1_2' title='bbox 336 542 385 597; x_wconf 76' lang='grc' dir='ltr'><strong><em>οτι</em></strong></span> <span class='ocrx_word' id='word_1_3' title='bbox 404 542 803 599; x_wconf 67' lang='lat' dir='ltr'><strong>mmmmm</strong></span> <span class='ocrx_word' id='word_1_4' title='bbox 1017 545 1081 610; x_wconf 84' lang='lat'><strong><em>381</em></strong></span> 
     </span>
    </p>
   </div>
   <div class='ocr_carea' id='block_1_2' title="bbox 69 701 1133 3453">
    <p class='ocr_par' dir='ltr' id='par_1_2' title="bbox 69 701 1133 3453">
     <span class='ocr_line' id='line_1_2' title="bbox 71 701 1083 797; baseline 0.003 -27"><span class='ocrx_word' id='word_1_5' title='bbox 71 701 136 771; x_wconf 85' lang='grc' dir='ltr'><strong><em>οὖν</em></strong></span> <span class='ocrx_word' id='word_1_6' title='bbox 154 708 194 770; x_wconf 83' lang='grc' dir='ltr'><strong><em>τὰ</em></strong></span> <span class='ocrx_word' id='word_1_7' title='bbox 213 716 359 791; x_wconf 76' lang='grc' dir='ltr'><strong><em>στοιχεῖα</em></strong></span> <span class='ocrx_word' id='word_1_8' title='bbox 377 716 437 772; x_wconf 91' lang='grc' dir='ltr'><strong><em>τοῦ</em></strong></span> <span class='ocrx_word' id='word_1_9' title='bbox 460 708 585 784; x_wconf 80' lang='grc' dir='ltr'><strong><em>παντὸς</em></strong></span> <span class='ocrx_word' id='word_1_10' title='bbox 602 705 622 790; x_wconf 78' lang='grc' dir='ltr'><strong><em>ἣ</em></strong></span> <span class='ocrx_word' id='word_1_11' title='bbox 641 705 732 792; x_wconf 83' lang='grc' dir='ltr'><strong><em>μένει</em></strong></span> <span class='ocrx_word' id='word_1_12' title='bbox 755 706 776 791; x_wconf 77' lang='grc' dir='ltr'><em>ἢ</em></span> <span class='ocrx_word' id='word_1_13' title='bbox 799 709 909 797; x_wconf 83' lang='grc' dir='ltr'><strong><em>κύκλῳ</em></strong></span> <span class='ocrx_word' id='word_1_14' title='bbox 932 718 1083 793; x_wconf 78' lang='grc' dir='ltr'><strong><em>κινεῖται,</em></strong></span> 
     </span>
     <span class='ocr_line' id='line_1_3' title="bbox 72 810 1084 902; baseline 0.003 -25"><span class='ocrx_word' id='word_1_15' title='bbox 72 819 137 878; x_wconf 74' lang='grc' dir='ltr'><strong><em>εἴτε</em></strong></span> <span class='ocrx_word' id='word_1_16' title='bbox 166 810 204 877; x_wconf 69' lang='grc' dir='ltr'><strong><em>δὲ</em></strong></span> <span class='ocrx_word' id='word_1_17' title='bbox 230 812 322 897; x_wconf 84' lang='grc' dir='ltr'><strong><em>με’νει</em></strong></span> <span class='ocrx_word' id='word_1_18' title='bbox 350 812 387 878; x_wconf 82' lang='grc' dir='ltr'><strong><em>ἐν</em></strong></span> <span class='ocrx_word' id='word_1_19' title='bbox 414 821 461 901; x_wconf 82' lang='grc' dir='ltr'><strong><em>τῳ”</em></strong></span> <span class='ocrx_word' id='word_1_20' title='bbox 488 814 572 879; x_wconf 80' lang='grc' dir='ltr'><strong><em>κατὰ</em></strong></span> <span class='ocrx_word' id='word_1_21' title='bbox 594 815 700 898; x_wconf 80' lang='grc' dir='ltr'><strong><em>φύσιν</em></strong></span> <span class='ocrx_word' id='word_1_22' title='bbox 722 816 827 902; x_wconf 82' lang='grc' dir='ltr'><strong><em>τόπῳ,</em></strong></span> <span class='ocrx_word' id='word_1_23' title='bbox 851 817 917 898; x_wconf 80' lang='grc' dir='ltr'><strong><em>ἔχει</em></strong></span> <span class='ocrx_word' id='word_1_24' title='bbox 940 815 977 878; x_wconf 91' lang='grc' dir='ltr'><strong><em>τὸ</em></strong></span> <span class='ocrx_word' id='word_1_25' title='bbox 1001 816 1084 880; x_wconf 78' lang='grc' dir='ltr'><strong><em>κατὰ</em></strong></span> 
     </span>
     <span class='ocr_line' id='line_1_4' title="bbox 72 920 1084 1008; baseline 0.001 -24"><span class='ocrx_word' id='word_1_26' title='bbox 72 921 189 1004; x_wconf 82' lang='grc' dir='ltr'><strong><em>φύσιν,</em></strong></span> <span class='ocrx_word' id='word_1_27' title='bbox 213 926 278 985; x_wconf 86' lang='grc' dir='ltr'><strong><em>είτε</em></strong></span> <span class='ocrx_word' id='word_1_28' title='bbox 300 921 411 1008; x_wconf 87' lang='grc' dir='ltr'><strong><em>κύκλῳ</em></strong></span> <span class='ocrx_word' id='word_1_29' title='bbox 434 931 589 1004; x_wconf 83' lang='grc' dir='ltr'><strong><em>κινεῖται,</em></strong></span> <span class='ocrx_word' id='word_1_30' title='bbox 613 921 690 985; x_wconf 88' lang='grc' dir='ltr'><strong><em>οὕτε</em></strong></span> <span class='ocrx_word' id='word_1_31' title='bbox 708 920 813 1007; x_wconf 74' lang='grc' dir='ltr'><strong><em>ἀρχὴν</em></strong></span> <span class='ocrx_word' id='word_1_32' title='bbox 832 921 908 986; x_wconf 81' lang='grc' dir='ltr'><strong><em>οὔτε</em></strong></span> <span class='ocrx_word' id='word_1_33' title='bbox 927 923 1084 1005; x_wconf 76' lang='grc' dir='ltr'><strong><em>τελευτὴν</em></strong></span> 
     </span>
     <span class='ocr_line' id='line_1_5' title="bbox 72 1024 1083 1112; baseline 0.003 -22"><span class='ocrx_word' id='word_1_34' title='bbox 72 1029 139 1112; x_wconf 81' lang='grc' dir='ltr'><strong><em>ἔχει</em></strong></span> <span class='ocrx_word' id='word_1_35' title='bbox 163 1034 223 1091; x_wconf 88' lang='grc' dir='ltr'><strong><em>τοῦ</em></strong></span> <span class='ocrx_word' id='word_1_36' title='bbox 246 1033 430 1110; x_wconf 78' lang='grc' dir='ltr'><strong><em>κινείσθω,</em></strong></span> <span class='ocrx_word' id='word_1_37' title='bbox 454 1028 610 1110; x_wconf 81' lang='grc' dir='ltr'><strong><em>δηλονότι</em></strong></span> <span class='ocrx_word' id='word_1_38' title='bbox 633 1024 688 1091; x_wconf 86' lang='grc' dir='ltr'><strong><em>καί</em></strong></span> <span class='ocrx_word' id='word_1_39' title='bbox 711 1028 748 1092; x_wconf 88' lang='grc' dir='ltr'><strong><em>τὸ</em></strong></span> <span class='ocrx_word' id='word_1_40' title='bbox 772 1036 840 1092; x_wconf 84' lang='grc' dir='ltr'><strong><em>πᾶν</em></strong></span> <span class='ocrx_word' id='word_1_41' title='bbox 858 1026 1083 1111; x_wconf 83' lang='grc' dir='ltr'><strong><em>ἀμετάβλητόν</em></strong></span> 
     </span>
     <span class='ocr_line' id='line_1_6' title="bbox 72 1130 1122 1218; baseline 0.004 -20"><span class='ocrx_word' id='word_1_42' title='bbox 72 1133 164 1199; x_wconf 84' lang='grc' dir='ltr'><strong><em>ἐστιν</em></strong></span> <span class='ocrx_word' id='word_1_43' title='bbox 187 1144 253 1198; x_wconf 84' lang='grc' dir='ltr'><strong><em>τῶν</em></strong></span> <span class='ocrx_word' id='word_1_44' title='bbox 276 1130 338 1217; x_wconf 78' lang='grc' dir='ltr'><strong><em>μὲν</em></strong></span> <span class='ocrx_word' id='word_1_45' title='bbox 360 1136 440 1211; x_wconf 85' lang='grc' dir='ltr'><strong><em>τοὺς</em></strong></span> <span class='ocrx_word' id='word_1_46' title='bbox 462 1135 544 1198; x_wconf 81' lang='grc' dir='ltr'><strong><em>κατὰ</em></strong></span> <span class='ocrx_word' id='word_1_47' title='bbox 567 1134 672 1217; x_wconf 85' lang='grc' dir='ltr'><strong><em>φύσιν</em></strong></span> <span class='ocrx_word' id='word_1_48' title='bbox 695 1136 817 1210; x_wconf 80' lang='grc' dir='ltr'><strong><em>τόπους</em></strong></span> <span class='ocrx_word' id='word_1_49' title='bbox 841 1132 996 1218; x_wconf 81' lang='grc' dir='ltr'><strong><em>ἐχόντων,</em></strong></span> <span class='ocrx_word' id='word_1_50' title='bbox 1014 1144 1082 1198; x_wconf 82' lang='grc' dir='ltr'><strong><em>τῶν</em></strong></span> <span class='ocrx_word' id='word_1_51' title='bbox 1109 1161 1122 1202; x_wconf 86' lang='lat'><strong>5</strong></span> 
     </span>
     <span class='ocr_line' id='line_1_7' title="bbox 73 1237 1084 1327; baseline 0.001 -23"><span class='ocrx_word' id='word_1_52' title='bbox 73 1237 110 1304; x_wconf 74' lang='grc' dir='ltr'><strong><em>δὲ</em></strong></span> <span class='ocrx_word' id='word_1_53' title='bbox 134 1239 285 1326; x_wconf 78' lang='grc' dir='ltr'><strong><em>ἀνάρχως</em></strong></span> <span class='ocrx_word' id='word_1_54' title='bbox 307 1238 362 1305; x_wconf 86' lang='grc' dir='ltr'><strong><em>καί</em></strong></span> <span class='ocrx_word' id='word_1_55' title='bbox 385 1239 607 1324; x_wconf 81' lang='grc' dir='ltr'><strong><em>ἀτελευτήτως</em></strong></span> <span class='ocrx_word' id='word_1_56' title='bbox 629 1238 851 1323; x_wconf 78' lang='grc' dir='ltr'><em>κινουμένων·</em></span> <span class='ocrx_word' id='word_1_57' title='bbox 878 1238 934 1304; x_wconf 86' lang='grc' dir='ltr'><strong><em>καί</em></strong></span> <span class='ocrx_word' id='word_1_58' title='bbox 957 1241 1020 1327; x_wconf 78' lang='grc' dir='ltr'><strong><em>γὰρ</em></strong></span> <span class='ocrx_word' id='word_1_59' title='bbox 1043 1242 1084 1305; x_wconf 82' lang='grc' dir='ltr'><strong><em>τὰ</em></strong></span> 
     </span>
     <span class='ocr_line' id='line_1_8' title="bbox 72 1341 1083 1435; baseline 0.001 -24"><span class='ocrx_word' id='word_1_60' title='bbox 72 1347 151 1432; x_wconf 71' lang='grc' dir='ltr'><strong><em>τῇδε</em></strong></span> <span class='ocrx_word' id='word_1_61' title='bbox 173 1347 368 1430; x_wconf 72' lang='grc' dir='ltr'><strong><em>μεταβάλλει</em></strong></span> <span class='ocrx_word' id='word_1_62' title='bbox 393 1345 430 1411; x_wconf 83' lang='grc' dir='ltr'><strong><em>ἐν</em></strong></span> <span class='ocrx_word' id='word_1_63' title='bbox 452 1349 542 1435; x_wconf 82' lang='grc' dir='ltr'><strong><em>τόπῳ</em></strong></span> <span class='ocrx_word' id='word_1_64' title='bbox 565 1345 728 1433; x_wconf 78' lang='grc' dir='ltr'><strong><em>ἀλλοτρίῳ</em></strong></span> <span class='ocrx_word' id='word_1_65' title='bbox 751 1347 860 1411; x_wconf 83' lang='grc' dir='ltr'><strong><em>ὄντων</em></strong></span> <span class='ocrx_word' id='word_1_66' title='bbox 881 1356 959 1429; x_wconf 82' lang='grc' dir='ltr'><strong><em>τῶν,</em></strong></span> <span class='ocrx_word' id='word_1_67' title='bbox 983 1343 1015 1424; x_wconf 80' lang='grc' dir='ltr'><strong><em>ἐξ</em></strong></span> <span class='ocrx_word' id='word_1_68' title='bbox 1035 1341 1083 1412; x_wconf 82' lang='grc' dir='ltr'><strong><em>ὧν</em></strong></span> 
     </span>
     <span class='ocr_line' id='line_1_9' title="bbox 73 1450 1083 1536; baseline 0.001 -19"><span class='ocrx_word' id='word_1_69' title='bbox 73 1452 180 1536; x_wconf 78' lang='grc' dir='ltr'><strong><em>ε’στιν,</em></strong></span> <span class='ocrx_word' id='word_1_70' title='bbox 216 1450 272 1516; x_wconf 90' lang='grc' dir='ltr'><strong><em>καί</em></strong></span> <span class='ocrx_word' id='word_1_71' title='bbox 307 1453 368 1517; x_wconf 90' lang='grc' dir='ltr'><strong><em>τὸν</em></strong></span> <span class='ocrx_word' id='word_1_72' title='bbox 399 1454 525 1518; x_wconf 80' lang='grc' dir='ltr'><strong><em>οἰκεῖον</em></strong></span> <span class='ocrx_word' id='word_1_73' title='bbox 556 1454 754 1534; x_wconf 78' lang='grc' dir='ltr'><strong><em>καταλαβεῖν</em></strong></span> <span class='ocrx_word' id='word_1_74' title='bbox 786 1453 1008 1518; x_wconf 80' lang='grc' dir='ltr'><em>σπευδόντων.</em></span> <span class='ocrx_word' id='word_1_75' title='bbox 1054 1455 1083 1519; x_wconf 87' lang='grc' dir='ltr'><strong><em>εί</em></strong></span> 
     </span>
     <span class='ocr_line' id='line_1_10' title="bbox 74 1555 1083 1642; baseline -0.001 -17"><span class='ocrx_word' id='word_1_76' title='bbox 74 1555 139 1625; x_wconf 84' lang='grc' dir='ltr'><strong><em>οὖν</em></strong></span> <span class='ocrx_word' id='word_1_77' title='bbox 168 1560 209 1623; x_wconf 83' lang='grc' dir='ltr'><strong><em>τὰ</em></strong></span> <span class='ocrx_word' id='word_1_78' title='bbox 238 1568 383 1642; x_wconf 86' lang='grc' dir='ltr'><strong><em>στοιχεῖα</em></strong></span> <span class='ocrx_word' id='word_1_79' title='bbox 412 1567 473 1623; x_wconf 88' lang='grc' dir='ltr'><strong><em>τοῦ</em></strong></span> <span class='ocrx_word' id='word_1_80' title='bbox 502 1559 626 1636; x_wconf 87' lang='grc' dir='ltr'><strong><em>παντὸς</em></strong></span> <span class='ocrx_word' id='word_1_81' title='bbox 658 1557 695 1623; x_wconf 81' lang='grc' dir='ltr'><strong><em>ἐν</em></strong></span> <span class='ocrx_word' id='word_1_82' title='bbox 726 1567 796 1634; x_wconf 78' lang='grc' dir='ltr'><strong><em>τοῖς</em></strong></span> <span class='ocrx_word' id='word_1_83' title='bbox 828 1559 964 1637; x_wconf 82' lang='grc' dir='ltr'><strong><em>οἰκείοις</em></strong></span> <span class='ocrx_word' id='word_1_84' title='bbox 994 1559 1083 1627; x_wconf 79' lang='grc' dir='ltr'><strong><em>ἐστὶν</em></strong></span> 
     </span>
     <span class='ocr_line' id='line_1_11' title="bbox 73 1661 1122 1752; baseline 0.002 -22"><span class='ocrx_word' id='word_1_85' title='bbox 73 1669 188 1743; x_wconf 82' lang='grc' dir='ltr'><strong><em>τόποις</em></strong></span> <span class='ocrx_word' id='word_1_86' title='bbox 211 1664 267 1730; x_wconf 87' lang='grc' dir='ltr'><strong><em>καί</em></strong></span> <span class='ocrx_word' id='word_1_87' title='bbox 290 1661 392 1730; x_wconf 68' lang='grc' dir='ltr'><strong><em>οὐδὲν</em></strong></span> <span class='ocrx_word' id='word_1_88' title='bbox 415 1665 497 1730; x_wconf 80' lang='grc' dir='ltr'><strong><em>ὅλον</em></strong></span> <span class='ocrx_word' id='word_1_89' title='bbox 520 1667 568 1742; x_wconf 88' lang='grc' dir='ltr'><strong><em>είς</em></strong></span> <span class='ocrx_word' id='word_1_90' title='bbox 590 1666 649 1730; x_wconf 87' lang='grc' dir='ltr'><strong><em>τὸν</em></strong></span> <span class='ocrx_word' id='word_1_91' title='bbox 672 1664 850 1751; x_wconf 89' lang='grc' dir='ltr'><strong><em>ἀλλότριον</em></strong></span> <span class='ocrx_word' id='word_1_92' title='bbox 872 1664 1007 1752; x_wconf 77' lang='grc' dir='ltr'><strong><em>φέρεται</em></strong></span> <span class='ocrx_word' id='word_1_93' title='bbox 1029 1671 1082 1733; x_wconf 88' lang='grc' dir='ltr'><strong><em>τό·</em></strong></span> <span class='ocrx_word' id='word_1_94' title='bbox 1097 1693 1122 1732; x_wconf 87' lang='grc' dir='ltr'><strong><em>ιο</em></strong></span> 
     </span>
     <span class='ocr_line' id='line_1_12' title="bbox 71 1768 1081 1860; baseline -0.001 -23"><span class='ocrx_word' id='word_1_95' title='bbox 71 1796 138 1837; x_wconf 88' lang='grc' dir='ltr'><strong><em>τιον</em></strong></span> <span class='ocrx_word' id='word_1_96' title='bbox 171 1768 250 1836; x_wconf 72' lang='grc' dir='ltr'><strong><em>οὐδὲ</em></strong></span> <span class='ocrx_word' id='word_1_97' title='bbox 282 1770 448 1837; x_wconf 82' lang='grc' dir='ltr'><strong><em>ἀπολιπὸν</em></strong></span> <span class='ocrx_word' id='word_1_98' title='bbox 479 1772 539 1836; x_wconf 91' lang='grc' dir='ltr'><strong><em>τὸν</em></strong></span> <span class='ocrx_word' id='word_1_99' title='bbox 571 1774 697 1837; x_wconf 86' lang='grc' dir='ltr'><strong><em>οἰκεῖον</em></strong></span> <span class='ocrx_word' id='word_1_100' title='bbox 727 1773 872 1855; x_wconf 79' lang='grc' dir='ltr'><strong><em>βιάζεται</em></strong></span> <span class='ocrx_word' id='word_1_101' title='bbox 901 1773 939 1836; x_wconf 83' lang='grc' dir='ltr'><strong><em>τὸ</em></strong></span> <span class='ocrx_word' id='word_1_102' title='bbox 970 1773 1007 1838; x_wconf 80' lang='grc' dir='ltr'><strong><em>ἐν</em></strong></span> <span class='ocrx_word' id='word_1_103' title='bbox 1035 1779 1081 1860; x_wconf 78' lang='grc' dir='ltr'><strong><em>τῷ</em></strong></span> 
     </span>
     <span class='ocr_line' id='line_1_13' title="bbox 72 1874 1082 1965; baseline 0 -22"><span class='ocrx_word' id='word_1_104' title='bbox 72 1879 184 1965; x_wconf 82' lang='grc' dir='ltr'><strong><em>οἰκείῳ</em></strong></span> <span class='ocrx_word' id='word_1_105' title='bbox 212 1880 262 1961; x_wconf 79' lang='grc' dir='ltr'><strong><em>ὅν,</em></strong></span> <span class='ocrx_word' id='word_1_106' title='bbox 291 1876 416 1962; x_wconf 76' lang='grc' dir='ltr'><strong><em>ἀνάγκη</em></strong></span> <span class='ocrx_word' id='word_1_107' title='bbox 439 1879 476 1943; x_wconf 89' lang='grc' dir='ltr'><strong><em>τὸ</em></strong></span> <span class='ocrx_word' id='word_1_108' title='bbox 500 1888 567 1944; x_wconf 82' lang='grc' dir='ltr'><strong><em>πᾶν</em></strong></span> <span class='ocrx_word' id='word_1_109' title='bbox 590 1878 816 1963; x_wconf 74' lang='grc' dir='ltr'><strong><em>ἀμετάβλητον</em></strong></span> <span class='ocrx_word' id='word_1_110' title='bbox 839 1874 1082 1943; x_wconf 80' lang='grc' dir='ltr'><strong><em>εἶναιπάντων</em></strong></span> 
     </span>
     <span class='ocr_line' id='line_1_14' title="bbox 71 1983 1082 2069; baseline 0 -19"><span class='ocrx_word' id='word_1_111' title='bbox 71 1983 124 2050; x_wconf 87' lang='grc' dir='ltr'><strong><em>ἀεί</em></strong></span> <span class='ocrx_word' id='word_1_112' title='bbox 147 1986 229 2049; x_wconf 82' lang='grc' dir='ltr'><strong><em>κατὰ</em></strong></span> <span class='ocrx_word' id='word_1_113' title='bbox 252 1987 357 2069; x_wconf 86' lang='grc' dir='ltr'><strong><em>φύσιν</em></strong></span> <span class='ocrx_word' id='word_1_114' title='bbox 380 1984 525 2068; x_wconf 82' lang='grc' dir='ltr'><strong><em>ἐχόντων</em></strong></span> <span class='ocrx_word' id='word_1_115' title='bbox 547 1995 615 2050; x_wconf 85' lang='grc' dir='ltr'><strong><em>τῶν</em></strong></span> <span class='ocrx_word' id='word_1_116' title='bbox 638 1985 727 2050; x_wconf 82' lang='grc' dir='ltr'><strong><em>ὅλων</em></strong></span> <span class='ocrx_word' id='word_1_117' title='bbox 749 1983 804 2049; x_wconf 89' lang='grc' dir='ltr'><strong><em>καί</em></strong></span> <span class='ocrx_word' id='word_1_118' title='bbox 827 1995 894 2049; x_wconf 87' lang='grc' dir='ltr'><strong><em>τῶν</em></strong></span> <span class='ocrx_word' id='word_1_119' title='bbox 911 1988 1082 2069; x_wconf 84' lang='grc' dir='ltr'><strong><em>μενόντων</em></strong></span> 
     </span>
     <span class='ocr_line' id='line_1_15' title="bbox 72 2086 1081 2179; baseline -0.001 -23"><span class='ocrx_word' id='word_1_120' title='bbox 72 2091 110 2156; x_wconf 82' lang='grc' dir='ltr'><strong><em>ἐν</em></strong></span> <span class='ocrx_word' id='word_1_121' title='bbox 139 2091 227 2179; x_wconf 74' lang='grc' dir='ltr'><strong><em>αὐτῷ</em></strong></span> <span class='ocrx_word' id='word_1_122' title='bbox 255 2090 310 2156; x_wconf 87' lang='grc' dir='ltr'><strong><em>καί</em></strong></span> <span class='ocrx_word' id='word_1_123' title='bbox 338 2102 405 2156; x_wconf 85' lang='grc' dir='ltr'><strong><em>τῶν</em></strong></span> <span class='ocrx_word' id='word_1_124' title='bbox 427 2090 644 2175; x_wconf 83' lang='grc' dir='ltr'><strong><em>κινουμένων.</em></strong></span> <span class='ocrx_word' id='word_1_125' title='bbox 690 2093 719 2157; x_wconf 87' lang='grc' dir='ltr'><strong><em>εί</em></strong></span> <span class='ocrx_word' id='word_1_126' title='bbox 741 2087 804 2175; x_wconf 72' lang='grc' dir='ltr'><strong><em>μὲν</em></strong></span> <span class='ocrx_word' id='word_1_127' title='bbox 827 2086 900 2175; x_wconf 81' lang='grc' dir='ltr'><strong><em>οὖν,</em></strong></span> <span class='ocrx_word' id='word_1_128' title='bbox 922 2089 1004 2176; x_wconf 80' lang='grc' dir='ltr'><strong><em>πρὶν</em></strong></span> <span class='ocrx_word' id='word_1_129' title='bbox 1025 2114 1081 2156; x_wconf 93' lang='grc' dir='ltr'><strong><em>κο-</em></strong></span> 
     </span>
     <span class='ocr_line' id='line_1_16' title="bbox 69 2194 1120 2283; baseline -0.002 -19"><span class='ocrx_word' id='word_1_130' title='bbox 69 2204 185 2283; x_wconf 69' lang='grc' dir='ltr'><strong><em>σμηθη</em></strong></span> <span class='ocrx_word' id='word_1_131' title='bbox 212 2199 249 2262; x_wconf 91' lang='grc' dir='ltr'><strong><em>τὸ</em></strong></span> <span class='ocrx_word' id='word_1_132' title='bbox 277 2208 354 2282; x_wconf 82' lang='grc' dir='ltr'><em>πᾶν,</em></span> <span class='ocrx_word' id='word_1_133' title='bbox 383 2197 420 2262; x_wconf 82' lang='grc' dir='ltr'><strong><em>ἰν</em></strong></span> <span class='ocrx_word' id='word_1_134' title='bbox 447 2208 517 2274; x_wconf 88' lang='grc' dir='ltr'><strong><em>τοῖς</em></strong></span> <span class='ocrx_word' id='word_1_135' title='bbox 545 2200 681 2275; x_wconf 79' lang='grc' dir='ltr'><strong><em>οἰκείοις</em></strong></span> <span class='ocrx_word' id='word_1_136' title='bbox 702 2194 746 2281; x_wconf 76' lang='grc' dir='ltr'><strong><em>ἦν</em></strong></span> <span class='ocrx_word' id='word_1_137' title='bbox 768 2196 887 2263; x_wconf 80' lang='grc' dir='ltr'><strong><em>ἕκαστα</em></strong></span> <span class='ocrx_word' id='word_1_138' title='bbox 909 2200 1037 2281; x_wconf 79' lang='grc' dir='ltr'><strong><em>τόποις,</em></strong></span> <span class='ocrx_word' id='word_1_139' title='bbox 1060 2197 1120 2282; x_wconf 72' lang='grc' dir='ltr'><strong><em>ἣτε</em></strong></span> 
     </span>
     <span class='ocr_line' id='line_1_17' title="bbox 70 2299 1133 2392; baseline -0.001 -22"><span class='ocrx_word' id='word_1_140' title='bbox 70 2308 189 2389; x_wconf 80' lang='grc' dir='ltr'><strong><em>ἔμενεν</em></strong></span> <span class='ocrx_word' id='word_1_141' title='bbox 216 2303 235 2386; x_wconf 78' lang='grc' dir='ltr'>ἢ</span> <span class='ocrx_word' id='word_1_142' title='bbox 260 2305 370 2391; x_wconf 90' lang='grc' dir='ltr'><strong><em>κύκλῳ</em></strong></span> <span class='ocrx_word' id='word_1_143' title='bbox 394 2303 550 2387; x_wconf 79' lang='grc' dir='ltr'><strong><em>ε’κινεῑτο,</em></strong></span> <span class='ocrx_word' id='word_1_144' title='bbox 577 2302 632 2369; x_wconf 90' lang='grc' dir='ltr'><strong><em>καί</em></strong></span> <span class='ocrx_word' id='word_1_145' title='bbox 656 2304 742 2369; x_wconf 79' lang='grc' dir='ltr'><strong><em>οὕτω</em></strong></span> <span class='ocrx_word' id='word_1_146' title='bbox 765 2301 876 2392; x_wconf 67' lang='grc' dir='ltr'><strong><em>πάίλιν</em></strong></span> <span class='ocrx_word' id='word_1_147' title='bbox 898 2299 941 2388; x_wconf 79' lang='grc' dir='ltr'><strong><em>ἦν</em></strong></span> <span class='ocrx_word' id='word_1_148' title='bbox 963 2306 1000 2369; x_wconf 90' lang='grc' dir='ltr'><strong><em>τὸ</em></strong></span> <span class='ocrx_word' id='word_1_149' title='bbox 1024 2321 1133 2364; x_wconf 64' lang='lat' dir='ltr'><strong>somer·</strong></span> 
     </span>
     <span class='ocr_line' id='line_1_18' title="bbox 69 2409 1081 2496; baseline -0.001 -19"><span class='ocrx_word' id='word_1_150' title='bbox 69 2421 139 2477; x_wconf 84' lang='grc' dir='ltr'><strong><em>πᾶν</em></strong></span> <span class='ocrx_word' id='word_1_151' title='bbox 174 2409 434 2494; x_wconf 81' lang='grc' dir='ltr'><strong><em>κεκοσμημένον,</em></strong></span> <span class='ocrx_word' id='word_1_152' title='bbox 470 2409 552 2496; x_wconf 82' lang='grc' dir='ltr'><strong><em>πρὶν</em></strong></span> <span class='ocrx_word' id='word_1_153' title='bbox 587 2417 756 2496; x_wconf 76' lang='grc' dir='ltr'><strong><em>κοσμηθη,</em></strong></span> <span class='ocrx_word' id='word_1_154' title='bbox 796 2409 851 2475; x_wconf 83' lang='grc' dir='ltr'><strong><em>καὶ</em></strong></span> <span class='ocrx_word' id='word_1_155' title='bbox 888 2410 950 2475; x_wconf 83' lang='grc' dir='ltr'><strong><em>οὐκ</em></strong></span> <span class='ocrx_word' id='word_1_156' title='bbox 987 2413 1081 2495; x_wconf 82' lang='grc' dir='ltr'><strong><em>ἔσχεν</em></strong></span> 
     </span>
     <span class='ocr_line' id='line_1_19' title="bbox 70 2516 1081 2602; baseline -0.001 -19"><span class='ocrx_word' id='word_1_157' title='bbox 70 2518 178 2602; x_wconf 78' lang='grc' dir='ltr'><strong><em>ἀρχὴν</em></strong></span> <span class='ocrx_word' id='word_1_158' title='bbox 205 2526 264 2582; x_wconf 87' lang='grc' dir='ltr'><strong><em>τοῦ</em></strong></span> <span class='ocrx_word' id='word_1_159' title='bbox 291 2524 500 2601; x_wconf 69' lang='grc' dir='ltr'><strong><em>κοσμηθῆναι</em></strong></span> <span class='ocrx_word' id='word_1_160' title='bbox 528 2517 662 2582; x_wconf 80' lang='grc' dir='ltr'><strong><em>πάντων</em></strong></span> <span class='ocrx_word' id='word_1_161' title='bbox 693 2516 817 2601; x_wconf 84' lang='grc' dir='ltr'><strong><em>ὁμοίως</em></strong></span> <span class='ocrx_word' id='word_1_162' title='bbox 846 2516 990 2601; x_wconf 79' lang='grc' dir='ltr'><strong><em>ἐχόντων</em></strong></span> <span class='ocrx_word' id='word_1_163' title='bbox 1017 2526 1081 2582; x_wconf 91' lang='grc' dir='ltr'><strong><em>νῦν</em></strong></span> 
     </span>
     <span class='ocr_line' id='line_1_20' title="bbox 69 2620 1080 2710; baseline 0 -21"><span class='ocrx_word' id='word_1_164' title='bbox 69 2649 106 2689; x_wconf 94' lang='grc' dir='ltr'><strong><em>τε</em></strong></span> <span class='ocrx_word' id='word_1_165' title='bbox 134 2623 188 2689; x_wconf 87' lang='grc' dir='ltr'><strong><em>καί</em></strong></span> <span class='ocrx_word' id='word_1_166' title='bbox 215 2627 386 2710; x_wconf 82' lang='grc' dir='ltr'><strong><em>πρότερον.</em></strong></span> <span class='ocrx_word' id='word_1_167' title='bbox 432 2626 462 2689; x_wconf 91' lang='grc' dir='ltr'><strong><em>εἰ</em></strong></span> <span class='ocrx_word' id='word_1_168' title='bbox 492 2620 529 2688; x_wconf 71' lang='grc' dir='ltr'><strong><em>δὲ</em></strong></span> <span class='ocrx_word' id='word_1_169' title='bbox 560 2623 596 2689; x_wconf 79' lang='grc' dir='ltr'><strong><em>ἐν</em></strong></span> <span class='ocrx_word' id='word_1_170' title='bbox 623 2633 693 2701; x_wconf 81' lang='grc' dir='ltr'><strong><em>τοῖς</em></strong></span> <span class='ocrx_word' id='word_1_171' title='bbox 721 2623 909 2709; x_wconf 76' lang='grc' dir='ltr'><strong><em>ἀλλοτρίοις</em></strong></span> <span class='ocrx_word' id='word_1_172' title='bbox 936 2622 1080 2710; x_wconf 79' lang='grc' dir='ltr'><strong><em>(πάντως</em></strong></span> 
     </span>
     <span class='ocr_line' id='line_1_21' title="bbox 70 2727 1120 2818; baseline 0.004 -23"><span class='ocrx_word' id='word_1_173' title='bbox 70 2733 135 2816; x_wconf 79' lang='grc' dir='ltr'><strong><em>γὰρ</em></strong></span> <span class='ocrx_word' id='word_1_174' title='bbox 158 2727 201 2815; x_wconf 84' lang='grc' dir='ltr'><strong><em>ἦν</em></strong></span> <span class='ocrx_word' id='word_1_175' title='bbox 223 2731 260 2795; x_wconf 81' lang='grc' dir='ltr'><strong><em>ἐν</em></strong></span> <span class='ocrx_word' id='word_1_176' title='bbox 282 2733 396 2807; x_wconf 83' lang='grc' dir='ltr'><strong><em>τόποις</em></strong></span> <span class='ocrx_word' id='word_1_177' title='bbox 414 2732 548 2814; x_wconf 87' lang='grc' dir='ltr'><strong><em>σώματα</em></strong></span> <span class='ocrx_word' id='word_1_178' title='bbox 566 2729 671 2818; x_wconf 82' lang='grc' dir='ltr'><strong><em>ὄντα),</em></strong></span> <span class='ocrx_word' id='word_1_179' title='bbox 694 2731 745 2814; x_wconf 89' lang='grc' dir='ltr'><strong><em>&lt;ελ</em></strong></span> <span class='ocrx_word' id='word_1_180' title='bbox 762 2727 824 2815; x_wconf 69' lang='grc' dir='ltr'><strong><em>μὲν</em></strong></span> <span class='ocrx_word' id='word_1_181' title='bbox 842 2733 949 2796; x_wconf 80' lang='grc' dir='ltr'><strong><em>ὄντων</em></strong></span> <span class='ocrx_word' id='word_1_182' title='bbox 968 2731 1080 2809; x_wconf 78' lang='grc' dir='ltr'><strong><em>αὐτοῖς</em></strong></span> <span class='ocrx_word' id='word_1_183' title='bbox 1094 2760 1120 2799; x_wconf 80' lang='grc' dir='ltr'><strong><em>ιο</em></strong></span> 
     </span>
     <span class='ocr_line' id='line_1_22' title="bbox 70 2836 1081 2921; baseline 0 -20"><span class='ocrx_word' id='word_1_184' title='bbox 70 2849 140 2901; x_wconf 88' lang='grc' dir='ltr'><strong><em>τῶν</em></strong></span> <span class='ocrx_word' id='word_1_185' title='bbox 166 2839 248 2901; x_wconf 82' lang='grc' dir='ltr'><strong><em>κατολ</em></strong></span> <span class='ocrx_word' id='word_1_186' title='bbox 275 2839 381 2921; x_wconf 83' lang='grc' dir='ltr'><strong><em>φύσιν</em></strong></span> <span class='ocrx_word' id='word_1_187' title='bbox 407 2840 519 2902; x_wconf 83' lang='grc' dir='ltr'><strong><em>τόπων</em></strong></span> <span class='ocrx_word' id='word_1_188' title='bbox 547 2838 667 2920; x_wconf 83' lang='grc' dir='ltr'><strong><em>ἀλλων,</em></strong></span> <span class='ocrx_word' id='word_1_189' title='bbox 694 2840 745 2914; x_wconf 91' lang='grc' dir='ltr'><strong><em>τίς</em></strong></span> <span class='ocrx_word' id='word_1_190' title='bbox 773 2837 790 2902; x_wconf 89' lang='grc' dir='ltr'>ὁ</span> <span class='ocrx_word' id='word_1_191' title='bbox 818 2836 973 2921; x_wconf 81' lang='grc' dir='ltr'><strong><em>μεταθεὶς</em></strong></span> <span class='ocrx_word' id='word_1_192' title='bbox 998 2837 1081 2902; x_wconf 84' lang='grc' dir='ltr'><strong><em>αὐτὰ</em></strong></span> 
     </span>
     <span class='ocr_line' id='line_1_23' title="bbox 71 2939 1080 3030; baseline -0.001 -21"><span class='ocrx_word' id='word_1_193' title='bbox 71 2944 109 3009; x_wconf 81' lang='grc' dir='ltr'><strong><em>ἐν</em></strong></span> <span class='ocrx_word' id='word_1_194' title='bbox 133 2954 202 3020; x_wconf 86' lang='grc' dir='ltr'><strong><em>τοῖς</em></strong></span> <span class='ocrx_word' id='word_1_195' title='bbox 225 2943 426 3030; x_wconf 88' lang='grc' dir='ltr'><strong><em>ἀλλοτρίοις;</em></strong></span> <span class='ocrx_word' id='word_1_196' title='bbox 465 2943 505 3009; x_wconf 89' lang='grc' dir='ltr'><strong><em>οὐ</em></strong></span> <span class='ocrx_word' id='word_1_197' title='bbox 529 2945 591 3028; x_wconf 78' lang='grc' dir='ltr'><strong><em>γὰρ</em></strong></span> <span class='ocrx_word' id='word_1_198' title='bbox 616 2942 747 3020; x_wconf 82' lang='grc' dir='ltr'><strong><em>ἑαυτοῖς</em></strong></span> <span class='ocrx_word' id='word_1_199' title='bbox 769 2939 812 3026; x_wconf 81' lang='grc' dir='ltr'><strong><em>ἦν</em></strong></span> <span class='ocrx_word' id='word_1_200' title='bbox 835 2949 924 3008; x_wconf 86' lang='grc' dir='ltr'><strong><em>αἰτια</em></strong></span> <span class='ocrx_word' id='word_1_201' title='bbox 946 2945 1080 3028; x_wconf 82' lang='grc' dir='ltr'><strong><em>σώματα</em></strong></span> 
     </span>
     <span class='ocr_line' id='line_1_24' title="bbox 70 3046 1079 3134; baseline -0.002 -18"><span class='ocrx_word' id='word_1_202' title='bbox 70 3054 172 3132; x_wconf 83' lang='grc' dir='ltr'><strong><em>ὅντα&gt;</em></strong></span> <span class='ocrx_word' id='word_1_203' title='bbox 200 3060 257 3134; x_wconf 83' lang='grc' dir='ltr'><strong><em>τῆς</em></strong></span> <span class='ocrx_word' id='word_1_204' title='bbox 284 3049 503 3134; x_wconf 78' lang='grc' dir='ltr'><strong><em>μεταθέσεως·</em></strong></span> <span class='ocrx_word' id='word_1_205' title='bbox 540 3051 622 3116; x_wconf 82' lang='grc' dir='ltr'><strong><em>ὥστε</em></strong></span> <span class='ocrx_word' id='word_1_206' title='bbox 649 3050 712 3115; x_wconf 79' lang='grc' dir='ltr'><strong><em>δύο</em></strong></span> <span class='ocrx_word' id='word_1_207' title='bbox 740 3049 852 3134; x_wconf 83' lang='grc' dir='ltr'><strong><em>ἀρχαί,</em></strong></span> <span class='ocrx_word' id='word_1_208' title='bbox 882 3050 902 3134; x_wconf 79' lang='grc' dir='ltr'><em>ἡ</em></span> <span class='ocrx_word' id='word_1_209' title='bbox 930 3046 992 3134; x_wconf 67' lang='grc' dir='ltr'><strong><em>μὲν</em></strong></span> <span class='ocrx_word' id='word_1_210' title='bbox 1018 3059 1079 3114; x_wconf 86' lang='grc' dir='ltr'><strong><em>τοῦ</em></strong></span> 
     </span>
     <span class='ocr_line' id='line_1_25' title="bbox 70 3154 1078 3243; baseline 0 -22"><span class='ocrx_word' id='word_1_211' title='bbox 70 3159 160 3242; x_wconf 86' lang='grc' dir='ltr'><strong><em>παρὰ</em></strong></span> <span class='ocrx_word' id='word_1_212' title='bbox 187 3157 302 3240; x_wconf 82' lang='grc' dir='ltr'><strong><em>φύσιν,</em></strong></span> <span class='ocrx_word' id='word_1_213' title='bbox 332 3157 351 3240; x_wconf 74' lang='grc' dir='ltr'><strong><em>η</em></strong></span> <span class='ocrx_word' id='word_1_214' title='bbox 380 3154 417 3221; x_wconf 74' lang='grc' dir='ltr'><strong><em>δὲ</em></strong></span> <span class='ocrx_word' id='word_1_215' title='bbox 444 3165 505 3221; x_wconf 88' lang='grc' dir='ltr'><strong><em>τοῦ</em></strong></span> <span class='ocrx_word' id='word_1_216' title='bbox 533 3157 614 3221; x_wconf 85' lang='grc' dir='ltr'><strong><em>κατά</em></strong></span> <span class='ocrx_word' id='word_1_217' title='bbox 641 3157 757 3241; x_wconf 83' lang='grc' dir='ltr'><strong><em>φύσιν,</em></strong></span> <span class='ocrx_word' id='word_1_218' title='bbox 780 3154 835 3221; x_wconf 85' lang='grc' dir='ltr'><strong><em>καί</em></strong></span> <span class='ocrx_word' id='word_1_219' title='bbox 857 3160 1020 3243; x_wconf 81' lang='grc' dir='ltr'><strong><em>πρότερον</em></strong></span> <span class='ocrx_word' id='word_1_220' title='bbox 1042 3158 1078 3221; x_wconf 91' lang='grc' dir='ltr'><strong><em>τὸ</em></strong></span> 
     </span>
     <span class='ocr_line' id='line_1_26' title="bbox 69 3261 1119 3349; baseline 0.005 -23"><span class='ocrx_word' id='word_1_221' title='bbox 69 3264 160 3348; x_wconf 79' lang='grc' dir='ltr'><strong><em>παρὰ</em></strong></span> <span class='ocrx_word' id='word_1_222' title='bbox 187 3263 293 3346; x_wconf 83' lang='grc' dir='ltr'><strong><em>φύσιν</em></strong></span> <span class='ocrx_word' id='word_1_223' title='bbox 319 3271 380 3327; x_wconf 89' lang='grc' dir='ltr'><strong><em>τοῦ</em></strong></span> <span class='ocrx_word' id='word_1_224' title='bbox 407 3263 490 3327; x_wconf 81' lang='grc' dir='ltr'><strong><em>κατὰ</em></strong></span> <span class='ocrx_word' id='word_1_225' title='bbox 518 3264 623 3346; x_wconf 83' lang='grc' dir='ltr'><strong><em>φύσιν</em></strong></span> <span class='ocrx_word' id='word_1_226' title='bbox 650 3261 705 3327; x_wconf 83' lang='grc' dir='ltr'><strong><em>καί</em></strong></span> <span class='ocrx_word' id='word_1_227' title='bbox 731 3271 836 3327; x_wconf 89' lang='grc' dir='ltr'><strong><em>ταῦτα</em></strong></span> <span class='ocrx_word' id='word_1_228' title='bbox 861 3264 950 3349; x_wconf 77' lang='grc' dir='ltr'><strong><em>παρὰ</em></strong></span> <span class='ocrx_word' id='word_1_229' title='bbox 975 3265 1080 3347; x_wconf 86' lang='grc' dir='ltr'><strong><em>φύσιν</em></strong></span> <span class='ocrx_word' id='word_1_230' title='bbox 1094 3291 1119 3331; x_wconf 75' lang='lat'><strong><em>25</em></strong></span> 
     </span>
     <span class='ocr_line' id='line_1_27' title="bbox 70 3364 1079 3453; baseline -0.001 -19"><span class='ocrx_word' id='word_1_231' title='bbox 70 3369 112 3434; x_wconf 86' lang='grc' dir='ltr'><strong><em>ὃν</em></strong></span> <span class='ocrx_word' id='word_1_232' title='bbox 142 3370 186 3445; x_wconf 85' lang='grc' dir='ltr'><strong><em>ὡς</em></strong></span> <span class='ocrx_word' id='word_1_233' title='bbox 217 3371 367 3446; x_wconf 82' lang='grc' dir='ltr'><strong><em>ἔκστασις</em></strong></span> <span class='ocrx_word' id='word_1_234' title='bbox 394 3379 452 3453; x_wconf 82' lang='grc' dir='ltr'><strong><em>της</em></strong></span> <span class='ocrx_word' id='word_1_235' title='bbox 478 3370 625 3453; x_wconf 84' lang='grc' dir='ltr'><strong><em>φύσεως,</em></strong></span> <span class='ocrx_word' id='word_1_236' title='bbox 654 3364 694 3452; x_wconf 75' lang='grc' dir='ltr'><strong><em>ἧς</em></strong></span> <span class='ocrx_word' id='word_1_237' title='bbox 724 3370 857 3453; x_wconf 85' lang='grc' dir='ltr'><strong><em>φύσεως</em></strong></span> <span class='ocrx_word' id='word_1_238' title='bbox 887 3367 962 3453; x_wconf 79' lang='grc' dir='ltr'><strong><em>μηδ’</em></strong></span> <span class='ocrx_word' id='word_1_239' title='bbox 995 3369 1079 3446; x_wconf 81' lang='grc' dir='ltr'><strong><em>ὅλως</em></strong></span> 
     </span>
    </p>
   </div>
   <div class='ocr_carea' id='block_1_3' title="bbox 69 3559 1083 3901">
    <p class='ocr_par' dir='ltr' id='par_1_3' title="bbox 69 3559 1083 3901">
     <span class='ocr_line' id='line_1_28' title="bbox 143 3559 1078 3634; baseline 0.002 -21"><span class='ocrx_word' id='word_1_240' title='bbox 143 3566 166 3614; x_wconf 78' lang='grc' dir='ltr'><strong><em>’λ</em></strong></span> <span class='ocrx_word' id='word_1_241' title='bbox 186 3559 318 3634; x_wconf 83' lang='grc' dir='ltr'><strong><em>ἀλλοτρίῳ</em></strong></span> <span class='ocrx_word' id='word_1_242' title='bbox 337 3566 388 3615; x_wconf 86' lang='grc'><strong><em>387</em></strong></span> <span class='ocrx_word' id='word_1_243' title='bbox 391 3563 442 3633; x_wconf 91' lang='grc'><strong><em>4]</em></strong></span> <span class='ocrx_word' id='word_1_244' title='bbox 462 3565 612 3629; x_wconf 88' lang='grc' dir='ltr'><strong><em>αλλοτριων</em></strong></span> <span class='ocrx_word' id='word_1_245' title='bbox 630 3561 659 3614; x_wconf 88' lang='lat' dir='ltr'>M</span> <span class='ocrx_word' id='word_1_246' title='bbox 763 3567 787 3616; x_wconf 89' lang='lat'><strong><em>8.</em></strong></span> <span class='ocrx_word' id='word_1_247' title='bbox 807 3561 836 3615; x_wconf 87' lang='lat' dir='ltr'>M</span> <span class='ocrx_word' id='word_1_248' title='bbox 854 3580 880 3614; x_wconf 90' lang='lat' dir='ltr'><strong>m</strong></span> <span class='ocrx_word' id='word_1_249' title='bbox 903 3568 916 3615; x_wconf 91' lang='lat'>1</span> <span class='ocrx_word' id='word_1_250' title='bbox 938 3561 974 3615; x_wconf 81' lang='lat' dir='ltr'><strong><em>ad</em></strong></span> <span class='ocrx_word' id='word_1_251' title='bbox 992 3582 1078 3615; x_wconf 87' lang='grc' dir='ltr'><strong><em>κατα-</em></strong></span> 
     </span>
     <span class='ocr_line' id='line_1_29' title="bbox 69 3632 1078 3705; baseline 0.002 -20"><span class='ocrx_word' id='word_1_252' title='bbox 69 3634 167 3702; x_wconf 85' lang='grc' dir='ltr'><strong><em>λαβειν</em></strong></span> <span class='ocrx_word' id='word_1_253' title='bbox 186 3636 243 3685; x_wconf 78' lang='lat' dir='ltr'><strong><em>not</em></strong></span> <span class='ocrx_word' id='word_1_254' title='bbox 263 3649 364 3702; x_wconf 64' lang='lat' dir='ltr'><strong>marg:</strong></span> <span class='ocrx_word' id='word_1_255' title='bbox 392 3649 654 3700; x_wconf 83' lang='grc' dir='ltr'><strong><em>κροσνιιακονστεον</em></strong></span> <span class='ocrx_word' id='word_1_256' title='bbox 673 3651 760 3686; x_wconf 82' lang='grc' dir='ltr'><strong><em>τοτον</em></strong></span> <span class='ocrx_word' id='word_1_257' title='bbox 851 3639 893 3687; x_wconf 87' lang='lat'><strong><em>11</em></strong></span> <span class='ocrx_word' id='word_1_258' title='bbox 912 3632 1078 3705; x_wconf 77' lang='grc' dir='ltr'><strong><em>απολιτι[ὸ]ν</em></strong></span> 
     </span>
     <span class='ocr_line' id='line_1_30' title="bbox 69 3701 1078 3777; baseline 0.002 -22"><span class='ocrx_word' id='word_1_259' title='bbox 69 3703 99 3756; x_wconf 89' lang='grc' dir='ltr'>Μ</span> <span class='ocrx_word' id='word_1_260' title='bbox 204 3703 279 3756; x_wconf 41' lang='lat'><strong><em>20&amp;</em></strong></span> <span class='ocrx_word' id='word_1_261' title='bbox 280 3724 296 3757; x_wconf 95' lang='grc' dir='ltr'><em>ν</em></span> <span class='ocrx_word' id='word_1_262' title='bbox 314 3701 390 3777; x_wconf 77' lang='grc' dir='ltr'><strong><em>τόπῳ</em></strong></span> <span class='ocrx_word' id='word_1_263' title='bbox 408 3702 482 3759; x_wconf 75' lang='grc' dir='ltr'><strong><em>ἐστίν</em></strong></span> <span class='ocrx_word' id='word_1_264' title='bbox 501 3709 561 3772; x_wconf 82' lang='grc'><strong>387,</strong></span> <span class='ocrx_word' id='word_1_265' title='bbox 576 3709 592 3758; x_wconf 86' lang='grc'>8</span> <span class='ocrx_word' id='word_1_266' title='bbox 700 3704 812 3772; x_wconf 83' lang='grc' dir='ltr'><strong><em>σώματα</em></strong></span> <span class='ocrx_word' id='word_1_267' title='bbox 830 3708 881 3757; x_wconf 80' lang='grc'><strong><em>387</em></strong></span> <span class='ocrx_word' id='word_1_268' title='bbox 883 3705 934 3775; x_wconf 87' lang='grc'><strong><em>,8]</em></strong></span> <span class='ocrx_word' id='word_1_269' title='bbox 954 3720 1031 3773; x_wconf 89' lang='grc' dir='ltr'><strong><em>σωμοι</em></strong></span> <span class='ocrx_word' id='word_1_270' title='bbox 1049 3704 1078 3757; x_wconf 88' lang='grc' dir='ltr'><strong>Μ</strong></span> 
     </span>
     <span class='ocr_line' id='line_1_31' title="bbox 70 3759 1083 3901; baseline 0 -73"><span class='ocrx_word' id='word_1_271' title='bbox 70 3774 96 3828; x_wconf 83' lang='grc' dir='ltr'><strong><em>εἰ</em></strong></span> <span class='ocrx_word' id='word_1_272' title='bbox 115 3793 213 3841; x_wconf 85' lang='grc' dir='ltr'><strong><em>μεν-</em></strong></span> <span class='ocrx_word' id='word_1_273' title='bbox 228 3779 270 3828; x_wconf 80' lang='lat'><strong><em>23</em></strong></span> <span class='ocrx_word' id='word_1_274' title='bbox 291 3773 359 3828; x_wconf 85' lang='grc' dir='ltr'><strong><em>ὄντα</em></strong></span> <span class='ocrx_word' id='word_1_275' title='bbox 372 3759 445 3830; x_wconf 79' lang='lat' dir='ltr'><strong>add.</strong></span> <span class='ocrx_word' id='word_1_276' title='bbox 466 3774 527 3829; x_wconf 85' lang='lat' dir='ltr'>coll.</span> <span class='ocrx_word' id='word_1_277' title='bbox 557 3791 622 3901; x_wconf 54' lang='grc' dir='ltr'><strong><em>οὓς.</em></strong></span> <span class='ocrx_word' id='word_1_278' title='bbox 641 3780 706 3842; x_wconf 91' lang='grc'><strong><em>401</em></strong></span> <span class='ocrx_word' id='word_1_279' title='bbox 727 3780 750 3828; x_wconf 96' lang='grc'><strong><em>1.</em></strong></span> <span class='ocrx_word' id='word_1_280' title='bbox 775 3780 839 3843; x_wconf 80' lang='grc'><strong><em>402</em></strong></span> <span class='ocrx_word' id='word_1_281' title='bbox 860 3781 876 3830; x_wconf 87' lang='grc'>8</span> <span class='ocrx_word' id='word_1_282' title='bbox 984 3781 1029 3828; x_wconf 72' lang='grc'><strong><em>26</em></strong></span> <span class='ocrx_word' id='word_1_283' title='bbox 1045 3794 1083 3838; x_wconf 69' lang='grc' dir='ltr'><strong><em>ης</em></strong></span> 
     </span>
    </p>
   </div>
   <div class='ocr_carea' id='block_1_4' title="bbox 65 3841 1104 3992">
    <p class='ocr_par' dir='ltr' id='par_1_4' title="bbox 65 3841 1104 3975">
     <span class='ocr_line' id='line_1_32' title="bbox 69 3841 1104 3919; baseline -0.019 -6"><span class='ocrx_word' id='word_1_284' title='bbox 69 3844 235 3913; x_wconf 65' lang='grc' dir='ltr'><strong><em>147λὸθίωέ</em></strong></span> <span class='ocrx_word' id='word_1_285' title='bbox 227 3863 257 3898; x_wconf 90' lang='lat' dir='ltr'><strong><em>1n</em></strong></span> <span class='ocrx_word' id='word_1_286' title='bbox 276 3862 363 3915; x_wconf 77' lang='lat' dir='ltr'><strong>marg.</strong></span> <span class='ocrx_word' id='word_1_287' title='bbox 382 3867 415 3915; x_wconf 74' lang='grc' dir='ltr'><strong><em>ηε</em></strong></span> <span class='ocrx_word' id='word_1_288' title='bbox 433 3863 554 3915; x_wconf 71' lang='grc' dir='ltr'><strong><em>φυῦέως,</em></strong></span> <span class='ocrx_word' id='word_1_289' title='bbox 621 3845 686 3919; x_wconf 71' lang='lat' dir='ltr'>(hoc</span> <span class='ocrx_word' id='word_1_290' title='bbox 701 3844 767 3903; x_wconf 70' lang='lat' dir='ltr'><strong><em>loeo</em></strong></span> <span class='ocrx_word' id='word_1_291' title='bbox 787 3846 902 3918; x_wconf 74' lang='grc' dir='ltr'><strong><em>φίισεως</em></strong></span> <span class='ocrx_word' id='word_1_292' title='bbox 919 3863 980 3900; x_wconf 65' lang='lat' dir='ltr'><strong><em>om</em></strong></span> <span class='ocrx_word' id='word_1_293' title='bbox 993 3847 1048 3912; x_wconf 45' lang='lat' dir='ltr'><strong><em>Q&amp;</em></strong></span> <span class='ocrx_word' id='word_1_294' title='bbox 1061 3841 1104 3894; x_wconf 61' lang='grc' dir='ltr'><strong><em>οἱ</em></strong></span> 
     </span>
     <span class='ocr_line' id='line_1_33' title="bbox 65 3914 520 3992; baseline 0.02 -26"><span class='ocrx_word' id='word_1_295' title='bbox 65 3914 141 3967; x_wconf 69' lang='lat' dir='ltr'><em>insta</em></span> <span class='ocrx_word' id='word_1_296' title='bbox 158 3921 217 3983; x_wconf 74' lang='lat'><strong><em>387,</em></strong></span> <span class='ocrx_word' id='word_1_297' title='bbox 233 3921 282 3983; x_wconf 87' lang='lat'><em>11‚·</em></span> <span class='ocrx_word' id='word_1_298' title='bbox 308 3919 340 3970; x_wconf 77' lang='grc' dir='ltr'><strong><em>εἰ</em></strong></span> <span class='ocrx_word' id='word_1_299' title='bbox 359 3917 391 3972; x_wconf 81' lang='grc' dir='ltr'><strong><em>τί.</em></strong></span> <span class='ocrx_word' id='word_1_300' title='bbox 413 3923 474 3988; x_wconf 83' lang='grc'>413,</span> <span class='ocrx_word' id='word_1_301' title='bbox 491 3922 520 3992; x_wconf 79' lang='grc' dir='ltr'><strong><em>ὃ)</em></strong></span> 
     </span>
    </p>
   </div>
   <div class='ocr_carea' id='block_1_5' title="bbox 0 0 1202 4208">
    <p class='ocr_par' dir='ltr' id='par_1_5' title="bbox 0 0 1202 4208">
     <span class='ocr_line' id='line_1_34' title="bbox 0 0 1202 4208; baseline 0 0"><span class='ocrx_word' id='word_1_302' title='bbox 0 0 1202 4208; x_wconf 95' lang='lat' dir='ltr'><strong><em> </em></strong></span> 
     </span>
    </p>
   </div>
  </div>
 </body>
</html>
