2394 4208
10 35 886 353 -γ

831 124 855 173 ⁶.

92 569 128 624 τι
143 575 184 624 ιι.
200 572 247 642 τι]
355 570 403 624 οι
422 570 679 625 mmmmm
697 570 818 626 αναοι
1032 558 1092 636 191

88 733 136 809 εἰς
165 734 227 816 τήν
256 731 395 817 ἐσχάτην
424 732 577 817 άσέβειαν
607 737 687 811 τοὺς
718 733 920 818 ἀνθρώπους
953 733 1096 817 ἐνάγειν·

87 840 118 902 εί
150 840 213 923 γάρ
245 841 288 923 μή
321 841 418 917 όντος
452 849 512 905 τοῦ
548 843 674 924 κόσμου
712 839 823 905 ἀιδίου
860 840 985 924 ἀνάγκη
1022 839 1091 905 κατ’

87 945 210 1021 αὐτοὺς
232 944 314 1029 πρὶν
335 945 518 1030 ὑποστῆναι
541 948 601 1012 τὸν
623 949 748 1031 κόσμον
770 951 849 1031 μήτε
868 947 993 1012 τέλειον
1011 942 1096 1011 εἶναι

87 1053 148 1116 τὸν
175 1052 260 1117 θεὸν
286 1055 366 1136 μήτε
393 1052 539 1135 ἀγαθόν,
567 1053 761 1118 ὑποτίθεται
789 1053 840 1134 δέ,
869 1055 912 1130 ὥς
936 1073 1053 1137 φασιν,
1077 1052 1095 1118 δ

90 1160 231 1223 Πλάτων
262 1157 316 1222 ἀπ’
344 1158 445 1243 ἀρχῆς
474 1183 564 1236 τινος
595 1159 767 1243 γεγονέναι
797 1162 856 1224 τὸν
885 1163 1010 1244 κόσμον
1040 1158 1096 1224 καλ
1123 1191 1136 1231 ⁶

88 1266 220 1350 εύχεταί
241 1288 278 1349 γε
301 1274 399 1329 τοῦτο
422 1267 637 1331 πιστεύεσθαι
656 1266 806 1350 οὐδαμοῦ
829 1269 886 1342 τὰς
909 1268 1029 1349 αἰτίας,
1048 1264 1090 1331 δι’

88 1371 127 1448 ἃς
158 1381 256 1436 τοῦτο
289 1374 482 1454 πεποίηκεν,
516 1369 757 1457 ἐνδειξάμενος,
794 1374 841 1448 εἰς
873 1372 1000 1454 άσεβεῖς
1032 1375 1096 1458 άρα

87 1479 271 1562 ὑπολήψεις
292 1480 371 1554 τοὺς
393 1479 609 1555 πιστεύοντας
632 1478 720 1565 αὐτῷ
745 1477 904 1562 ἐνήγαγεν
923 1478 959 1543 ἐν
977 1477 1096 1563 μηδενὶ

87 1596 154 1649 τῶν
177 1586 343 1666 διαλόγων
365 1583 527 1667 άγένητον
550 1580 635 1648 εἶναι
658 1586 717 1648 τὸν
739 1587 865 1668 κόσμον
889 1587 994 1649 εἰπεῖν
1017 1584 1094 1650 άνα-

88 1694 262 1775 σχόμενος,
285 1689 483 1755 τούναντίον
506 1687 543 1755 δέ
561 1700 730 1776 πανταχοῦ
753 1692 814 1773 τήν
837 1690 968 1773 γένεσι-ν
991 1692 1093 1757 αὐτοῦ
1110 1723 1136 1762 10

87 1803 221 1883 λαμπρᾷ
248 1807 287 1883 τῇ
315 1807 411 1882 φωνῇ
438 1798 622 1881 κηρύττων·
655 1801 762 1862 καίτοι
791 1795 845 1861 καί
876 1799 932 1872 τὰς
961 1800 1095 1880 λογικάς

87 1906 196 1988 ψυχάς
219 1904 284 1968 ὑπὸ
307 1914 365 1987 τῆς
387 1912 447 1968 τοῦ
471 1909 555 1968 θεοῦ
579 1908 738 1989 προνοίας
757 1903 957 1967 διοικεῖσθαι
976 1905 1095 1985 βουλό-

87 2034 187 2094 μενος
210 2020 324 2094 σαφῶς
347 2008 528 2093 ἀγενήτους
551 2009 651 2086 αὐτάς
674 2006 758 2074 εἶναι
781 2008 939 2093 κέκραγεν
957 2009 994 2074 ἐν
1015 2014 1095 2075 Φαί-

88 2119 157 2205 δρῳ
182 2113 283 2182 οὐδὲν
306 2117 432 2198 δείσας,
455 2117 498 2199 μή
522 2113 615 2180 κεναὶ
638 2117 758 2199 ταύτης
780 2120 976 2199 νομίζοιντο.

154 2222 223 2306 κβῖ
247 2226 335 2287 Λίαν
358 2219 395 2287 δέ
418 2224 584 2308 τολμηρὸν
606 2220 661 2286 καλ
683 2223 720 2286 τὸ
745 2223 831 2287 οὕτω
856 2223 978 2308 ῥᾳδίως
1001 2246 1094 2306 μετα·
1109 2251 1137 2292 15

88 2328 205 2414 φέρειν
226 2330 285 2405 τάς
308 2327 421 2405 λέξεις·
449 2329 509 2392 τὸν
532 2331 594 2412 γάρ
617 2332 638 2412 ή
662 2329 887 2407 διαζευκτικὸν
909 2330 1096 2413 σύνδεσμον

87 2435 108 2518 ή
137 2437 373 2521 διαπορητικὸν
401 2437 448 2512 είς
474 2437 534 2499 τὸν
562 2442 596 2499 εί
621 2437 824 2501 συναπτικὸν
855 2437 1096 2519 μεταλαμβάνε-

87 2549 169 2607 σθαι
198 2541 283 2617 άξιοῑ
311 2551 370 2606 τοῦ
400 2542 580 2618 Πλάτωνος
610 2540 765 2625 ἐξηγητὴς
791 2550 949 2629 ποιητικοί
976 2546 1095 2632 τρόπῳ.

87 2649 216 2731 προϊὼν
244 2642 307 2712 οὖν
333 2652 568 2732 παραθήσομαι
595 2647 649 2712 καὶ
676 2650 736 2712 τὸν
758 2647 1004 2734 Ἀριστοτέλους
1027 2647 1095 2733 ἐξη-

87 2755 193 2837 γητὴν
212 2751 429 2838 Ἀλεξάνδρου
451 2755 512 2837 τήν
534 2755 690 2836 τοιαύτην
712 2764 772 2819 τοῦ
796 2754 983 2838 συνδέσμου
1002 2756 1094 2839 μετά·
1109 2784 1138 2823 ιο

88 2865 190 2943 ληψιν
214 2859 444 2945 άπελέγχοντα,
467 2860 521 2925 καὶ
545 2860 690 2925 αὐτόθεν
708 2856 745 2924 δέ
762 2857 931 2946 προφανὲς
950 2857 1040 2944 οἶμαι
1058 2864 1094 2928 τὸ

88 2970 227 3033 άτοπον·
251 2963 468 3050 πρῶτονμὲν
491 2967 553 3052 γάρ
578 2967 615 3030 τὸ
638 2968 807 3051 ποιητικάς
830 2971 1024 3051 μεταλήψεις
1043 2967 1095 3033 ἐπὶ

87 3075 305 3149 Πλατωνικὰς
332 3076 545 3158 κυριολογίας
573 3071 764 3157 ἐκδέχεσθαι
790 3084 857 3137 τῶν
880 3072 1095 3140 άτοπωτάτων

89 3179 180 3245 ἐστὶν
203 3179 258 3244 καὶ
281 3188 383 3243 ταῦτα
406 3183 551 3255 σπανίως
572 3178 592 3262 ή
612 3177 667 3243 καλ
686 3177 769 3255 ἅπαξ
787 3180 907 3263 σχεδὸν
924 3189 984 3245 τοῦ
1002 3204 1094 3264 ποιη-

86 3296 149 3351 τοῦ
174 3297 212 3371 τῇ
236 3287 370 3370 τοιαύτη
394 3295 454 3349 τοῦ
478 3284 665 3369 συνδέσμου
683 3289 860 3369 μεταλήψει
878 3287 1095 3371 χρησαμένου,
1110 3312 1137 3354 ιε

88 3394 134 3470 ὡς
158 3395 190 3457 οἱ
214 3394 254 3456 τά
276 3391 405 3456 ἐκείνου
426 3389 631 3468 ἐξετάσαντες
650 3391 903 3475 ἐπεσημήναντο.
938 3395 1043 3471 άλλως
1061 3418 1096 3459 τε

89 3501 118 3562 εἰ
142 3497 197 3562 καὶ
221 3498 257 3562 ἐν
280 3508 319 3583 τῇ
341 3497 538 3583 προκειμένη
563 3497 653 3582 ρήσει
677 3500 788 3582 χώραν
810 3501 905 3582 ἔσχεν
927 3500 963 3563 τὸ
985 3502 1097 3582 βίαιον

89 3614 147 3687 τῆς
175 3613 235 3668 τοῦ
264 3603 452 3688 συνδέσμου
480 3607 703 3687 μεταλήψεως,
732 3602 801 3668 ἀλλ’
830 3604 939 3669 οὐκέτι
966 3604 1020 3670 καλ
1043 3604 1096 3671 ἐπὶ

164 3802 205 3849 13.
224 3795 296 3849 Plat.
316 3795 433 3850 Phaedr.
453 3796 533 3850 246A
611 3801 652 3852 16.
672 3797 812 3869 τλά-,πεῖ
831 3797 913 3869 (0,ss
989 3803 1117 3853 wm-

88 3866 262 3944 ραθήνομαα
275 3882 340 3934 μσς,
357 3873 415 3933 214,
432 3873 464 3920 11
523 3873 564 3924 23.
581 3867 647 3928 fort.
666 3874 855 3946 Πλατωνικῆς
917 3879 971 3930 Ἇῦ.
984 3871 1024 3928 αἱ,
1037 3865 1136 3924 2&me-

78 3950 109 3982 ιιι
123 3933 202 3984 Ιίιπιλ
223 3937 314 3986 Γ2Ισ
332 3935 378 4004 (εί,
397 3954 484 4008 supra
507 3948 569 4015 186,
589 3950 635 4020 22)
