2394 4208
56 565 97 619 υτ
113 564 157 636 11]
323 563 372 618 ου
390 563 648 621 mamm
666 563 787 620 υτυυῑ
1000 562 1065 628 347

56 736 287 813 κατηγορεῖται
310 727 330 810 ἡ
354 724 496 810 γένεσις·
518 728 555 792 τὸ
579 729 642 813 γὰρ
666 722 756 805 εἶδός
778 726 924 793 ἐστιντὸ
942 729 1066 812 κυρίως

56 837 251 918 γινόμενον·
274 834 384 919 ῶσπερ
403 832 466 899 κδν
484 835 513 899 εί
532 833 662 918 λέγοιτο
681 835 861 920 Σωκράτης
883 834 1066 899 τύπτεσθαι

49 940 78 1024 ’ἢ
110 941 259 1023 βαδίζειν
287 939 308 1023 ἣ
338 938 604 1024 ἀμφιέννυσθαι,
638 939 714 1026 οὐχί
743 939 820 1006 καθ’
850 941 931 1005 ὅλον
963 939 1066 1004 αὐτὸν

59 1044 130 1133 (καί
161 1048 243 1111 κατὰ
273 1048 334 1130 την
363 1049 474 1131 φυλήν
501 1071 586 1131 φημι
613 1046 668 1113 καί
695 1049 777 1112 κατὰ
803 1048 840 1111 τὸ
865 1044 972 1133 σῶμα)
1000 1057 1068 1113 τῶν

58 1153 244 1239 εἰρημένων
279 1151 420 1218 ἕκαστον
455 1153 613 1237 ὑπομένει
650 1152 733 1218 ἀλλὰ
768 1154 850 1218 κατὰ
885 1156 992 1237 μόνον
1027 1153 1064 1217 τὸ
1093 1175 1106 1217 ι

57 1270 167 1344 σῶμα,
196 1261 305 1345 ὥσπερ
334 1258 370 1324 έκ
396 1268 457 1325 τοῦ
485 1258 655 1343 ἐναντίου,
683 1265 774 1345 είττερ
802 1258 932 1343 λέγοιτο
960 1258 1066 1341 σοφὸς

56 1362 145 1431 εἶναι
171 1365 192 1449 ἣ
220 1366 363 1449 δίκαιος,
393 1366 494 1430 πόλιν
524 1365 588 1430 ἀπὸ
613 1366 617 1449 Ι
642 1365 763 1451 μέρους
793 1375 850 1450 τῆς
879 1375 987 1450 ψυχῆς
1004 1381 1120 1424 τουτων.

55 1474 141 1537 κατὰ
162 1481 223 1537 τοῦ
242 1472 323 1537 ὅλου
346 1471 366 1555 ίη
389 1476 569 1558 κατηγορία
588 1470 736 1558 φέρεται·
759 1473 926 1556 εἰώθαμεν
944 1473 1007 1558 γὰρ
1026 1473 1066 1536 τα

55 1586 105 1666 τῷ
127 1576 219 1664 μέρει
242 1580 469 1662 συμβαίνοντα
491 1586 552 1643 τοῦ
574 1579 698 1656 παντὸς
714 1588 913 1665 κατηγορεῖν
931 1578 988 1642 διὰ
1005 1579 1066 1662 την

56 1687 231 1751 σύνθεσιν.
276 1685 306 1750 εί
333 1686 451 1749 τοίνυν
474 1681 573 1749 ταῦθ’
597 1685 703 1763 οὕτως
726 1687 791 1770 ἔχει
815 1683 870 1749 καί
892 1684 913 1768 ἡ
937 1681 1066 1768 γένεσις
1080 1712 1106 1751 ιο

56 1790 114 1856 καί
137 1792 157 1875 ἡ
180 1793 297 1876 φθορὰ
318 1793 442 1877 κυρίως
464 1801 532 1856 τῶν
555 1792 656 1856 είδῶν
678 1790 780 1876 έστιν,
802 1791 832 1856 εί
854 1787 916 1875 μέν
938 1791 1067 1856 ἅπαντα

55 1900 99 1963 τὰ
121 1901 223 1963 ἔνυλα
246 1898 318 1981 είδη
343 1897 435 1963 ἀίδιοί
458 1896 548 1963 ἐστιν
571 1896 670 1982 (λέγω
694 1898 735 1981 δὴ
759 1897 800 1962 τὰ
821 1894 897 1962 καθ’
917 1895 1067 1979 ἕκαστον,

56 2003 96 2070 έν
119 1996 170 2082 οἷς
192 2003 284 2069 ἐστιν
306 2003 362 2069 καί
383 2005 404 2088 δη
428 2005 545 2089 φθορὰ
566 2002 621 2068 καί
644 2003 664 2087 ἡ
689 2001 842 2090 γένεσις),
861 2005 943 2069 ἔστω
961 1999 1066 2087 μηδὲν

54 2113 137 2194 μήτε
167 2108 203 2174 έκ
232 2119 293 2175 τοῦ
323 2111 455 2196 μηδαμῇ
487 2110 645 2194 μηδαμῶς
674 2111 771 2187 ὄντος
800 2114 957 2193 γίνεσθαι
985 2114 1067 2194 μήτε

55 2219 106 2294 είς
134 2216 359 2300 τὸμηδαμῶς
386 2215 426 2281 δν
454 2219 668 2301 φθείρεσθαι.
713 2213 809 2292 εἰδὲ
835 2220 915 2302 μήτε
943 2218 980 2281 τὸ
1008 2227 1105 2301 τῆςιε

55 2324 180 2408 σαρκὸς
207 2317 297 2400 εἶδος
323 2319 407 2406 μηδὲ
433 2323 470 2387 τὸ
499 2330 559 2386 τοῦ
587 2323 723 2406 αἳματος
750 2321 770 2406 ἣ
799 2322 901 2388 ὀστοῦ
922 2328 1004 2408 μήτε
1025 2326 1066 2389 τὰ

56 2431 212 2516 χρώματα
245 2427 300 2494 καὶ
334 2430 375 2494 τὰ
407 2432 553 2514 σχήματα
584 2432 665 2514 μήτε
695 2439 764 2494 τῶν
796 2430 905 2494 ἄλλων
937 2428 1065 2496 ένύλων

55 2537 158 2601 εἰδῶν
184 2533 289 2620 μηδὲν
316 2535 429 2600 ἀίδιόν
456 2534 561 2620 ἐστιν,
588 2536 744 2619 δηλονότι
772 2534 910 2602 ἕκαστον
937 2538 1065 2603 τούτων

54 2641 138 2728 πρὶν
169 2641 328 2726 γενέσθαι
359 2642 421 2706 οὐκ
451 2639 491 2705 δν
522 2641 605 2706 κατὰ
633 2642 694 2705 τὸν
722 2643 848 2708 οἰκεῖον
877 2643 981 2725 λόγον
1007 2653 1065 2726 της

55 2750 190 2833 φύσεως
219 2743 289 2813 εἶτα
319 2748 367 2825 εἰς
395 2748 432 2811 τὸ
463 2742 549 2812 εἶναι
579 2744 752 2833 ταραχθὲν
779 2747 815 2813 έκ
841 2757 902 2814 τοῦ
932 2750 1064 2835 μηδαμῇ
1078 2773 1105 2814 ιο

54 2856 214 2939 μηδαμῶς
241 2855 338 2931 ὄντος
366 2854 413 2930 είς
440 2854 477 2919 τὸ
506 2851 547 2918 δν
575 2851 817 2938 μεταβέβληκεν
846 2853 902 2920 καί
931 2851 1065 2941 φθαρὲν

57 2963 106 3037 είς
128 2961 165 3026 τὸ
188 2961 321 3046 μηδαμῇ
344 2961 501 3044 μηδαμῶς
524 2958 565 3025 δν
586 2961 687 3025 πόλιν
709 2958 924 3044 μεθέστηκεν·
956 2961 977 3045 ἡ
1001 2963 1064 3047 γὰρ

56 3066 95 3132 έν
122 3068 207 3154 τῷδε
233 3074 280 3155 τῷ
308 3068 419 3154 κύκνφ
447 3068 605 3150 λευκότης
631 3065 713 3152 πρὶν
739 3067 799 3132 τὸν
825 3068 951 3133 κύκνον
974 3067 1064 3151 γενέ-

55 3179 139 3239 σθαι
164 3173 204 3238 οὐ
228 3174 337 3258 δήπου
360 3172 552 3256 ὑφειστηκει
575 3196 613 3256 γε
632 3171 686 3238 καί
705 3183 772 3238 τῶν
791 3175 899 3238 όντων
917 3168 970 3259 ἦν,
989 3173 1059 3239 ἀλλ’

56 3281 124 3364 ἅμα
151 3289 189 3365 τῇ
217 3288 278 3344 τοῦ
305 3280 432 3344 κύκνου
461 3277 588 3362 γενέσει
618 3281 753 3365 πρώτην
782 3282 878 3364 ἔσχεν
908 3279 945 3345 έν
975 3280 1065 3368 αὐτῷ
1080 3300 1105 3344 ω

55 3389 118 3471 τὴν
147 3386 344 3451 ὑπόστασιν·
386 3384 512 3450 οὐκοῦν
541 3383 595 3450 καί
625 3395 686 3451 τοῦ
715 3387 841 3452 κύκνου
874 3385 1066 3472 φθαρέντος

55 3492 119 3577 οὐχ
141 3490 300 3575 ὑπομένει
322 3515 389 3557 που
411 3490 432 3574 ἡ
456 3492 629 3577 λευκότης,
648 3490 717 3557 ἀλλ’
736 3494 784 3569 είς
801 3493 839 3556 τὸ
857 3494 901 3577 μὴ
921 3492 962 3558 δν
981 3494 1065 3572 ὅλως

55 3602 262 3682 μεθίσταται.
307 3597 363 3663 καί
393 3600 544 3663 καθόλου
575 3595 613 3664 δὲ
642 3599 747 3663 εἰπεῖν
776 3608 843 3663 τῶν
872 3621 907 3664 τε
937 3599 1065 3666 ένόλων

56 3706 159 3770 εἰδῶν
180 3703 235 3769 καὶ
259 3715 325 3769 τῶν
349 3705 522 3789 σχημάτων
541 3703 680 3770 ἕκαστον
704 3696 793 3791 (οἷον
811 3705 848 3769 τὸ
868 3715 926 3789 της
944 3706 1066 3791 σαρκὸς

120 3935 144 3981 ⁵.
164 3931 342 4002 αιημεηωρ
359 3931 394 3987 ιι
443 3919 486 3991 ιὀ,
506 3936 622 4012 μηοιε,
641 3953 678 3994 ex
696 3957 724 4008 t,
737 3936 777 3992 υ
831 3941 884 3990 ει.
901 3918 1110 3999 mum*
