2394 4208
612 42 616 91 ἰ

32 25 850 351 u

561 164 573 193 ε
610 176 615 189 .

78 585 171 638 xvm
185 587 213 657 ι]
345 584 393 639 οε
412 583 671 640 mmmmm
690 584 811 640 Μτυοι
1025 585 1088 649 631

78 749 160 810 κατὰ
183 750 222 811 τά
244 755 290 834 τῷ
314 751 457 837 Πρόκλῳ
480 748 791 834 προωμολογημένα
837 748 963 833 ἀνάγκη
988 743 1089 832 οὖνῆ

79 853 134 917 καὶ
161 855 220 917 τὸν
247 857 374 938 κόσμον
400 865 468 918 τῶν
495 852 546 919 ἀεὶ
573 855 656 919 κατά
683 855 723 918 τά
750 855 833 920 αὐτὰ
855 855 911 920 καὶ
933 857 1090 934 ὡσαύτως

81 960 225 1044 ἐχόντων
248 955 333 1024 εἶναι
358 959 467 1043 λέγειν
489 962 549 1025 τὸν
568 961 746 1043 Πλάτωνα,
770 967 860 1047 εἴπερ
883 964 968 1028 θεὸν
987 964 1089 1029 αὐτὸν

80 1074 199 1149 οἴεται,
229 1067 265 1129 τὸ
297 1063 333 1130 δὲ
363 1072 455 1131 θεῶν
482 1065 580 1150 γένος
606 1069 788 1151 μεταβολῆς
819 1066 910 1132 ἐστιν
939 1071 1088 1154 ἄδεκτον,

79 1176 114 1257 ἤ,
144 1178 233 1257 εἴπερ
261 1174 305 1256 μη
334 1172 425 1255 λέγοι
454 1173 557 1237 αὐτὸν
583 1185 651 1239 τῶν
679 1172 730 1238 ἀεὶ
757 1176 839 1238 κατά
866 1176 906 1240 τά
930 1176 1012 1241 αὐτὰ
1034 1176 1088 1242 καὶ
1116 1202 1129 1242 ε

80 1282 236 1356 ὡσαύτως
269 1279 414 1363 ἐχόντων
446 1278 530 1344 ἀλλὰ
561 1281 742 1364 γινόμενον
773 1279 828 1345 καὶ
858 1280 1089 1366 ἀπολλύμενον

80 1390 185 1463 όντως
215 1383 252 1450 δὲ
282 1385 445 1470 μηδέποτε
478 1387 568 1468 όντα,
597 1389 645 1450 ἔτι
673 1382 710 1451 δὲ
737 1385 792 1450 καὶ
820 1389 908 1472 παρὰ
931 1398 987 1472 τῆς
1010 1408 1089 1454 συν-

79 1496 210 1578 τρόφου
239 1495 372 1576 φύσεως
400 1493 462 1557 ὅσα
489 1494 613 1578 χαλεπὰ
642 1492 745 1557 αὐτόν
774 1517 808 1558 τε
838 1497 926 1578 ἔχειν
953 1494 1058 1578 φησὶν
1083 1494 1086 1582 λ

79 1600 134 1664 καὶ
166 1611 236 1676 τοῖς
270 1598 364 1686 ζῴοις
397 1598 691 1684 ἐναπεργάζεσδαι,
728 1599 783 1664 καὶ
819 1599 895 1686 περὶ
931 1603 1010 1677 τοὺς
1032 1618 1140 1660 οἰκον.

79 1710 218 1783 λοιποὺς
248 1710 351 1784 θεοὺς
381 1706 523 1789 ἀσεβεῖν,
553 1706 599 1783 ὡς
626 1709 769 1794 Πρόκλῳ
797 1708 890 1772 δοκεῖ
916 1706 1131 1785 κάκείνουςιο
1175 1705 1176 1708 “

79 1814 252 1890 τοιούτους
285 1810 370 1878 εἶναι
409 1813 540 1896 λέγοντι
578 1809 709 1898 (κοινὸν
741 1814 803 1899 γάρ
836 1813 950 1890 αὐτοῖς
986 1829 1090 1896 φησιν

79 1931 157 1985 πᾶσι
183 1922 219 1985 τὸ
243 1922 387 1985 κατὰτὰ
410 1920 493 1984 αύτδι
516 1917 571 1983 καὶ
594 1918 750 1995 ὡσαύτως
773 1917 891 2006 ἔχειν),
914 1917 968 1983 καλ
991 1918 1012 2002 ἣ
1037 1918 1089 1984 ἐπὶ

79 2029 213 2092 πάντων
242 2027 322 2091 αὐτὸ
352 2027 533 2110 φυλάττειν
555 2024 576 2109 ἢ
601 2024 658 2108 ἀφ’
683 2023 757 2102 ἑνὸς
780 2025 984 2103 άθετοῦντας
1006 2023 1089 2111 μηδὲ

79 2133 132 2198 ἐπὶ
161 2144 228 2196 τῶν
256 2135 367 2197 ἀλλων
395 2136 482 2217 ἔχειν
509 2132 546 2196 τὸ
575 2135 702 2197 κιστόν.
748 2133 848 2197 δυοῖν
876 2127 940 2196 οὖν
963 2132 1088 2218 ἀνάγκη

79 2241 234 2324 θάτερον,
261 2237 281 2320 ἦ
310 2241 353 2321 μὴ
381 2240 465 2302 θεὸν
492 2233 577 2303 εἶναι
606 2239 666 2302 τὸν
693 2241 819 2322 κόσμον
842 2245 973 2304 οἴεσθαι
998 2242 1088 2305 Πλά-
1103 2266 1129 2308 ιε

79 2369 167 2409 τωνα
199 2347 234 2428 ἢ,
267 2350 357 2429 εἴπερ
390 2346 474 2410 θεὸν
506 2345 609 2410 αὐτὸν
646 2341 731 2410 εἶναι
768 2344 875 2428 λέγων
911 2349 1090 2430 γινόμενον

80 2452 183 2515 αὐτὸν
211 2446 300 2515 εἷναί
326 2468 431 2534 φησιν
457 2449 512 2515 καὶ
540 2450 772 2535 ἀπολλύμενον
800 2453 904 2528 ὄντας
931 2448 968 2517 δὲ
991 2454 1089 2538 μηδέ-

79 2581 158 2622 ποτε
181 2560 275 2641 όντα,
299 2557 374 2642 περὶ
399 2557 480 2621 ὅλον
502 2558 539 2621 τὸ
563 2568 630 2622 τῶν
653 2564 745 2622 θεῶν
767 2557 863 2641 γένος
883 2557 1025 2643 ἀσεβεῖν,
1045 2561 1089 2637 ὡς

80 2665 97 2729 ὁ
128 2673 188 2728 τοῦ
217 2665 397 2741 Πλάτωνος
427 2662 465 2728 ἐν
493 2664 625 2741 τούτοις
658 2662 812 2747 ἐξηγητὴς
841 2667 1089 2733 κατεσκεύασεν.

81 2771 216 2854 οὐκοῦν,
245 2772 273 2834 εἰ
303 2772 339 2833 τὸ
365 2769 402 2834 ἐν
423 2773 588 2856 μεταβολῇ
612 2765 698 2835 εἶναι
721 2771 781 2835 τὸν
804 2773 930 2854 κόσμον
953 2769 1130 2857 ἐναργέςεο

79 2878 117 2942 τέ
147 2878 214 2942 ἐστι
247 2876 302 2941 καὶ
339 2877 524 2962 διαρρήδην
561 2883 686 2962 εἴρηται
720 2877 890 2960 Πλάτωνι,
927 2877 989 2941 οὐκ
1025 2880 1089 2964 ἀρα

78 2987 163 3050 θεὸν
195 2985 298 3048 αὐτὸν
331 2979 416 3049 εἶναι
449 2981 547 3070 ᾤετο,
579 2984 636 3047 ἵνα
665 2984 708 3067 μὴ
738 2981 814 3068 περὶ
844 2983 925 3049 ὅλον
954 2984 991 3048 τὸ
1022 2997 1089 3051 τῶν

78 3099 170 3156 θεῶν
193 3089 290 3174 γένος
313 3089 443 3171 ἀσεβῶν
466 3088 484 3153 ό
508 3089 652 3154 Πλάτων
675 3089 858 3153 δείκνυται·
886 3101 1002 3173 σαφῶς
1024 3093 1087 3177 γάρ

77 3198 252 3282 κέκραγεν,
289 3196 339 3259 ὅτι
376 3197 413 3260 τὸ
451 3193 501 3259 ἀεὶ
538 3197 619 3260 κατά
655 3197 695 3259 τά
730 3195 814 3259 αύτδι
845 3193 899 3259 καὶ
933 3197 1089 3275 ὡσαύτως

78 3309 166 3388 ἔχειν
189 3314 259 3379 τοῖς
281 3303 469 3378 θειοτάτοις
491 3305 649 3386 προσήκει
667 3312 778 3367 πᾶσιν.
815 3303 909 3385 ὥστε,
927 3301 991 3367 κάν
1009 3303 1088 3390 λέγῃ
1102 3328 1129 3369 ιε

77 3413 163 3476 θεὸν
195 3406 281 3474 εἶναι
314 3409 373 3472 τὸν
405 3410 540 3492 κόσμον,
574 3407 609 3472 ἐκ
642 3419 708 3472 τῶν
731 3405 898 3493 Ὀρφικῶν
927 3411 1039 3493 λαβὼν
1069 3411 1087 3476 δ

150 3646 173 3691 5.
193 3637 265 3690 Plat.
285 3636 355 3689 Tim.
376 3635 439 3688 28A
529 3642 554 3688 7.
573 3634 644 3689 Plat.
664 3635 770 3705 politic.
791 3635 897 3691 273Βῦ
984 3643 1025 3692 11.
1045 3640 1087 3691 λε-

77 3712 131 3815 γοά
151 3744 192 3808 Μ;
211 3740 327 3812 λέγοντα
345 3745 378 3810 pt
484 3758 548 3811 pag.
564 3747 624 3808 609,
640 3747 673 3795 26
783 3747 823 3796 12.
843 3763 956 3805 οιαυτοις
974 3743 1002 3795 Μ

79 3823 120 3869 13.
141 3811 211 3882 άφέ
241 3813 274 3867 cf.
295 3818 386 3879 610‚2
495 3818 536 3866 15.
554 3817 595 3866 16.
615 3813 779 3884 [τλάμονα
803 3830 838 3867 ex
856 3814 1012 3881 φαεινὼ
1088 3874 1095 3884 ·

79 3892 121 3940 20.
142 3905 165 3939 ει
183 3905 214 3939 ιο
234 3884 263 3938 in
282 3899 368 3953 marg.
389 3883 479 3954 suppl.
499 3883 530 3938 Μ
553 3887 637 3956 (asor.
657 3888 743 3955 {mm
872 3891 924 3935 Ἃ,
935 3881 1025 3932 Ἄοσι.
1037 3876 1121 3940 γὼ-

72 3956 117 4007 λίο,
140 3955 222 4006 269D
311 3959 352 4009 25.
372 3956 478 4028 λεγῖηῙι
499 3955 528 4011 Μ
605 3963 655 4014 ⁶28.
672 3974 746 4030 pag.
759 3960 884 4024 mm
