2394 4208
28 33 850 353 ..Ι

76 558 184 630 xvu]
355 560 403 614 DE
422 559 681 615 εεεοοαιτεαιι
699 558 821 614 αιτιοι
1021 560 1087 624 583

75 725 137 785 λον
169 721 210 785 οὐ
239 725 414 806 θεολόγων
443 719 531 800 τινές
561 721 853 806 έφασαν,·ἀγνοεῑ
885 722 903 788 ὁ
935 723 1017 801 θεὸς
1046 725 1088 787 τά

75 825 152 892 καθ’
180 826 313 912 ἕκαστα,
341 831 448 912 μόνον
475 829 538 894 οὐκ
566 828 673 895 έκεῖνο
701 830 739 893 τὸ
762 831 910 914 κωμικὸν
932 829 1086 914 λέγοντες

120 934 384 1019 “οῐει,τοσαύτην
406 937 485 1013 τοὺς
508 937 612 1013 θεοὺς
634 937 729 1018 ἀγειν
752 938 886 1020 σχολήν,

120 1042 202 1105 ὥστε
224 1042 262 1105 τὸ
285 1043 389 1107 κακὸν
411 1040 466 1106 καὶ
489 1041 641 1124 τάγαθὸν
664 1039 741 1107 καθ’
764 1040 891 1127 ἡμέραν

120 1147 233 1231 νέμειν
256 1145 405 1236 fudam?
1112 1176 1126 1216 ε

73 1255 212 1337 ἀγνοεῖν
239 1251 276 1319 δὲ
304 1257 344 1318 τὰ
370 1251 448 1319 καθ’
471 1253 591 1319 ἕκαστα
618 1252 725 1337 λέγων
752 1254 812 1318 τὸν
838 1256 923 1319 θεὸν
947 1254 1001 1320 καὶ
1025 1258 1086 1340 τὴν

74 1360 151 1446 περὶ
175 1361 257 1425 αὐτὰ
281 1361 437 1444 δηλονότι
460 1369 520 1424 τοῦ
543 1365 629 1424 θεοῦ
653 1357 884 1446 συνανῄρηκεν
909 1363 1086 1446 πρόνοιαν·

76 1468 116 1532 οὐ
141 1468 203 1552 γάρ
227 1467 268 1551 δὴ
292 1478 360 1531 τῶν
382 1464 620 1550 ἀγνοουμένων
642 1469 838 1551 προνοήσει,
866 1467 911 1544 ὡς
937 1467 958 1552 η
985 1468 1086 1551 φύσις
1119 1451 1121 1457 s

74 1575 95 1657 ἡ
119 1575 248 1656 ἀλογος.
285 1576 403 1658 ἔχομεν
426 1569 463 1638 δὲ
485 1571 540 1638 καὶ
564 1571 602 1637 έν
619 1582 691 1650 ταῖς
708 1571 977 1658 προεκκειμένοις
996 1578 1087 1660 Πρό-

74 1685 157 1745 κλου
189 1703 224 1744 τε
256 1679 310 1744 καὶ
339 1683 516 1745 Πλωτίνου
547 1679 692 1765 ρησεοιν,
725 1679 775 1744 ὅτι
807 1678 863 1744 καὶ
895 1681 932 1744 τὸ
964 1678 1087 1763 μέλλον
1101 1710 1127 1749 ιο

76 1784 170 1852 οἶδεν
197 1785 252 1852 καὶ
279 1785 374 1870 μέχρι
401 1797 469 1851 τῶν
499 1785 717 1869 άτομωτάτων
744 1785 764 1869 η
788 1794 849 1850 τοῦ
871 1792 956 1850 θεοῦ
980 1787 1086 1869 διήκει

74 1897 217 1980 πρόνοια
249 1892 304 1957 καὶ
336 1903 467 1976 γνῶσις.
514 1891 651 1975 οὐκοῦν,
679 1893 709 1956 ελ
737 1887 830 1956 οἶδεν
856 1892 894 1956 τὸ
921 1890 1085 1975 μέλλονὸ

74 2004 170 2083 θεός,
194 1995 287 2064 οἶδεν
310 2000 494 2084 δήπουθεν,
517 1999 567 2063 ὅτι
590 1999 683 2063 οῦπω
708 1997 892 2082 ε’νέστηκεν,
915 1997 1025 2081 μέλλει
1049 1995 1086 2064 δέ

76 2103 171 2171 εἶναι.
216 2104 286 2170 ἀλλ’
311 2104 447 2170 ἐπειδάν
468 2106 506 2169 τὸ
530 2103 653 2188 μέλλον
676 2103 807 2181 ε’νεστὸς
829 2103 974 2188 γένηται,
993 2100 1087 2171 οἶδεν

74 2214 220 2295 πάντας,
253 2212 303 2277 ὅτι
337 2210 510 2295 ἐνέστηκεν
541 2211 605 2295 ἤδη
638 2209 693 2275 καὶ
729 2210 770 2275 οὐ
807 2210 932 2294 μέλλει,
968 2209 1023 2276 καὶ
1057 2214 1085 2278 εἰ
1100 2239 1126 2281 15

75 2324 222 2404 φθαρείη
252 2319 297 2395 ὡς
324 2317 429 2403 ἀρχὴν
456 2328 516 2382 τοῦ
545 2313 630 2382 εἶναι
659 2320 746 2401 ἔχον,
774 2312 866 2382 οἶδεν
893 2318 1004 2402 πάλιν,
1034 2318 1085 2383 ὅτι

75 2425 186 2491 οὐκέτι
214 2436 281 2490 τῶν
310 2427 417 2490 ὄντων
445 2424 544 2490 ἐστίν.
591 2424 716 2490 οὐκοῦν
739 2423 759 2507 η
783 2434 920 2507 γνῶσις,
943 2422 1020 2490 καθ’
1043 2426 1086 2509 ἣν

76 2528 162 2615 οἶδε,
192 2532 242 2596 ὅτι
273 2531 382 2615 μέλλει
415 2530 469 2596 καὶ
498 2531 590 2596 οὔπω
620 2534 720 2611 ἔστιν,
748 2529 893 2616 προτέρα
916 2534 1006 2596 ἔσται
1028 2540 1086 2616 τῆς

75 2640 244 2722 γνώσεως,
267 2636 344 2703 καθ’
366 2639 410 2721 ἣν
432 2641 533 2721 ἔγνω,
557 2637 609 2702 ὅτι
632 2636 805 2719 ἐνέστηκεν
827 2638 907 2721 ἤδη,
925 2635 980 2702 καὶ
1003 2637 1084 2722 αὕτη

74 2746 176 2809 πάλιν
198 2743 342 2829 προτέρα
366 2747 455 2809 ἔσται
479 2753 537 2828 τῆς
559 2744 730 2826 γνώσεως,
753 2741 829 2808 καθ’
852 2744 895 2826 ἣν
919 2746 1015 2828 ἔγνω,
1035 2743 1085 2808 ὅτι
1099 2773 1127 2812 ιο

75 2850 208 2935 ἐφθάρη
232 2849 288 2916 καὶ
312 2850 421 2916 οὐκέτι
445 2861 513 2915 τῶν
532 2852 640 2915 ὄντων
659 2849 759 2916 ἐστίν.
794 2853 884 2914 ἔσται
903 2845 967 2915 οὖν
984 2851 1086 2915 πάλιν

76 2956 113 3021 έν
135 2968 208 3034 ταῖς
230 2959 395 3041 γνώσεσιν
418 2966 479 3022 τοῦ
502 2963 588 3022 θεοῦ
611 2957 648 3021 τὸ
672 2959 835 3041 πρότερον
857 2955 913 3020 καὶ
936 2957 973 3020 τὸ
992 2956 1086 3022 ὕστε-

74 3087 137 3147 ρον
160 3062 214 3128 καὶ
238 3064 294 3128 διὰ
316 3073 415 3129 τοῦτο
432 3047 568 3149 ’χρόνος
605 3065 689 3128 ὥστε
708 3065 737 3128 ελ
755 3062 826 3146 μέν,
846 3066 930 3128 ἔνθα
948 3063 985 3127 τὸ
1004 3066 1086 3147 πρό-

74 3193 173 3254 τερον
200 3170 312 3248 ἁπλῶς
338 3170 393 3235 καὶ
421 3172 457 3235 τὸ
486 3170 637 3255 ὕστερον,
666 3169 753 3246 ὅπως
781 3168 824 3234 ἀν
847 3168 994 3252 λέγηται,
1018 3168 1086 3235 ἐκεῖ

74 3277 204 3352 πάντας
235 3276 291 3342 καὶ
319 3280 441 3363 χρόνον
472 3272 557 3341 εἶναι
587 3273 805 3359 ἀξιώσουσιν,
837 3274 962 3358 ἀνάγκη
995 3285 1085 3340 πᾶσα
1098 3303 1125 3345 ιτ

73 3383 117 3464 μη
142 3383 200 3458 τὰς
222 3385 340 3469 νοεράς
363 3383 480 3460 οὐσίας
502 3385 583 3467 μήτε
606 3382 709 3446 αὐτὸν
727 3382 786 3445 τὸν
804 3390 864 3445 τοῦ
884 3385 1007 3467 χρόνου
1027 3383 1085 3466 δη-

72 3490 239 3574 μιουργὸν
253 3488 461 3573 ἀπηλλάχθαι
478 3491 603 3574 χρόνου
618 3486 671 3553 καὶ
692 3490 739 3553 ἔτι
760 3486 978 3571 ἐνδεχόμενον
993 3492 1083 3554 ἔσται

146 3759 170 3804 2.
190 3753 218 3804 Μ
237 3771 264 3805 m
285 3757 298 3804 1
319 3750 347 3804 in
366 3768 469 3823 marg:
499 3771 563 3806 αντι
580 3771 630 3805 τον
649 3748 800 3820 μονονοοχλ
908 3757 932 3805 3.
952 3751 1083 3806 Μοοοοά.

71 3824 106 3875 fr.
128 3829 186 3877 174.
215 3823 242 3876 C.
261 3823 294 3876 A.
314 3823 343 3877 F.
363 3823 401 3876 III
419 3841 446 3892 p.
462 3822 533 3876 5111.
625 3828 651 3876 9.
668 3827 1010 3892 pagfflmmmffi

68 3935 109 3979 14·
131 3924 246 3989 52‘8670'25'
260 3933 296 3998 pt
380 3935 422 3986 16.
444 3915 509 3987 ‹316ss
526 3930 560 3987 Μ
646 3936 696 3987 ⁶21.
715 3917 996 3998 ummfflmkx&
