2394 4208
610 112 613 133 l

88 591 178 646 XVIII
194 594 239 665 10]
354 593 403 647 DE
422 592 679 648 AETERNITATE
697 593 818 650 MVNDI
937 638 941 646 ·
1030 595 1096 660 643

87 757 211 831 παντὸς
242 753 408 840 ποιητέον,
441 755 461 820 o
492 767 606 841 πρῶτα
636 757 828 842 ἀκούουσιν,
860 759 910 825 ὅτι
936 761 1096 826 κάλλιστα

87 860 388 945 μεμυθολογημένα
409 863 493 947 πρὸς
516 861 635 947 ἀρετὴν
658 863 835 948 ἀκούειν.’>

85 1339 308 1427 <παντε>λλῶς
344 1341 511 1426 ἀπήλασεν
546 1343 686 1419 πόλεως·
731 1339 811 1408 οὐδὲ
847 1345 909 1429 γάρ
946 1343 1013 1410 τισί
1036 1363 1148 1405 retreat.

85 1444 149 1531 μὲν
173 1448 286 1525 αὐτοῖς
309 1459 377 1513 τῶν
398 1452 545 1513 πολιτῶν
567 1455 712 1535 χρῆσθαι
735 1448 944 1535 προσέταξεν,
966 1450 1034 1516 τισί
1058 1449 1095 1518 δὲ

84 1557 145 1638 μη,
169 1552 237 1618 ἀλλ’
263 1556 307 1631 ὡς
330 1555 514 1640 ἀχρήστους
536 1552 591 1619 καί
611 1553 799 1637 ἕπιβλαβεῖς
816 1557 940 1632 πάντας
959 1555 994 1622 ἐκ
1013 1558 1094 1622 πάν·
1122 1585 1134 1625 ι

84 1684 153 1725 των
179 1665 349 1738 παντελῶς
376 1661 556 1727 ἀπεώσατο.
602 1662 631 1725 εί
659 1656 696 1725 δὲ
725 1660 761 1726 έν
788 1671 827 1747 τῇ
854 1665 1011 1749 καλλίστῃ
1037 1673 1095 1748 τῆς

84 1769 213 1845 πόλεως
241 1767 368 1855 ἀγωγῇ,
395 1770 439 1854 ἣν
467 1768 485 1833 δ
510 1767 653 1832 Πλάτων
680 1765 870 1850 διέπλασεν,
902 1766 938 1833 έν
965 1761 1094 1854 ᾖμόνη

84 1872 183 1957 ἀρετὴ
212 1874 267 1940 καί
294 1878 457 1960 φρόνησις
484 1876 702 1958 πολιτεύεται,
729 1877 807 1950 τοὺς
829 1875 1011 1952 τοσούτους
1033 1878 1094 1959 μύ·

83 1985 171 2057 θους
200 1981 240 2045 ού
268 1982 372 2047 καλὸν
398 1980 646 2067 παραδέχεσθαι
673 1981 718 2057 ὡς
741 1982 788 2057 είς
812 1979 945 2046 ἀδικίαν
967 1985 1094 2065 μᾶλλον

83 2086 138 2151 καί
176 2090 233 2164 τὰς
270 2086 540 2172 άπηγορευμένας
576 2087 796 2164 ἐκκαλοῦντας
831 2097 898 2151 τῶν
933 2085 1093 2173 πράξεων,
1107 2117 1134 2155 ιο

83 2195 201 2275 ἥκιστά
229 2217 265 2276 γε
294 2192 331 2257 ἐν
353 2203 425 2270 ταῖς
447 2190 524 2258 καθ’
547 2193 631 2277 ἡμᾶς
654 2192 697 2257 ἀν
720 2188 788 2258 εἶεν
811 2191 921 2257 δεκτολ
943 2196 1092 2279 πόλεσιν,

85 2298 122 2362 ἐν
146 2290 197 2375 αἷς
221 2300 265 2374 ὡς
289 2297 342 2363 ἐπί
365 2299 402 2362 τὸ
425 2303 582 2365 πλεῖστον
604 2300 641 2364 τὸ
665 2300 730 2384 ἡδὺ
749 2308 809 2364 τοῦ
829 2299 961 2382 ἀγαθοῦ
980 2298 1035 2365 καὶ
1054 2303 1092 2367 τὸ

84 2416 198 2490 χεῖρον
229 2415 289 2469 τοῦ
321 2407 492 2487 βελτίονος
522 2409 763 2491 προτετίμηται.
814 2401 894 2470 ούδδ
930 2415 1094 2472 τοσοῦτον

84 2515 148 2594 άρα
171 2520 231 2576 τοῦ
251 2509 481 2596 συμφέροντος
499 2511 691 2598 ἀνθρώποις
710 2512 728 2577 δ
746 2523 816 2589 τοῖς
834 2523 984 2595 ποιηταῖς
1003 2511 1092 2598 ἐνερ-

84 2621 188 2701 γήσας
216 2619 345 2700 δαίμων
373 2616 585 2703 ἐφρόντισεν,
614 2619 695 2684 ὅσον
723 2619 763 2683 οὐ
791 2621 898 2702 μόνον
924 2629 982 2703 τῆς
1006 2619 1092 2696 ίδίας
1106 2645 1132 2686 1⁵

85 2723 102 2787 ὁ
127 2724 270 2788 Πλάτων
292 2727 418 2800 πόλεως
439 2723 494 2789 καί
516 2734 619 2790 ταῦτα
646 2725 740 2811 μέχρι
768 2727 872 2809 μόνης
897 2724 1091 2803 ὑποθέσεως

82 2968 172 3035 tione;
191 2968 254 3023 fort.
274 2975 298 3023 λ.
318 2969 439 3024 ἀκούειν.
478 2969 601 3040 spatium
618 2986 674 3023 non
693 2969 790 3024 obstat
808 2969 848 3039 (in
867 2969 986 3040 singulis
1006 2971 1090 3024 versi·

82 3039 135 3092 bus
167 3038 298 3093 librarius
329 3039 432 3094 XXXX
445 3072 475 3080 —
489 3039 629 3094 XXXXIV
661 3040 771 3094 litteras
803 3040 923 3094 scribere
961 3040 1090 3110 solebat),

81 3110 363 3236 attolat?
391 3112 549 3237 ttttl
571 3110 1091 3236 ltlttnttffltttfftttt

81 3252 206 3306 versibus
224 3253 314 3306 XXIV
337 3225 431 3324 (troius
450 3199 657 3308 editionlsqfere
677 3252 762 3321 XXV)
780 3226 954 3334 Philoponus'
972 3253 1006 3306 de
1025 3251 1087 3307 loco

81 3323 219 3393 exscripto
246 3323 373 3393 pluribus
400 3323 510 3379 loeutus
539 3326 594 3391 est;
631 3323 708 3377 cuius
736 3322 931 3396 explicanonis
966 3323 1028 3376 finis
1057 3323 1088 3377 in

79 3395 148 3449 folio
167 3395 332 3464 insequente
351 3398 425 3464 (pag.
440 3401 501 3463 643,
520 3401 536 3448 8
552 3397 603 3477 sq.)
622 3394 703 3448 nobis
722 3397 847 3448 servatus
867 3397 922 3461 est,
944 3393 1021 3447 initii
1041 3395 1087 3447 vix

80 3465 208 3535 singulae
227 3465 339 3520 litterae
359 3469 470 3520 exstant
489 3467 544 3536 (fin.
564 3465 655 3519 hneae
675 3470 720 3519 14:
740 3473 774 3519 v?
799 3471 844 3519 17:
865 3472 897 3520 o?
926 3472 966 3520 u?
992 3471 1040 3520 21:
1060 3485 1085 3520 ν.

80 3543 127 3592 28:
147 3540 198 3606 ov).
237 3536 327 3591 verbis
351 3540 445 3591 autem
469 3543 529 3604 643,
544 3541 600 3592 69
628 3539 723 3605 aperte
746 3538 936 3590 monstrantur
958 3535 1086 3590 Platonis

80 3609 165 3662 verba
182 3626 246 3678 pag.
262 3614 322 3675 642,
337 3614 370 3661 21

151 3686 175 3731 3.
195 3684 246 3741 λως
264 3679 496 3750 απηίθεςιοεοιι
512 3677 669 3732 litterarum
688 3678 784 3748 λασεῙν
801 3680 906 3740 πολέως
922 3676 963 3750 Μ]
987 3693 1040 3731 om.
1060 3679 1087 3745 t;

79 3750 119 3803 sie
138 3750 195 3804 fere
214 3749 356 3819 suppleas:
377 3750 462 3821 <rote
480 3749 623 3812 τοιούτους
641 3749 750 3818 μύθους
766 3756 815 3818 τῆς
834 3746 909 3811 ἰδίας
925 3749 1088 3877 nemezion

149 3828 173 3874 4.
193 3821 257 3874 fort.
277 3821 369 3875 αὐτῶν
388 3828 447 3883 τοῖς
469 3817 596 3883 πολίταις
701 3817 893 3891 προσέταξενζ
904 3835 1020 3885 nouom
1034 3833 1097 3866 now

79 3892 122 3943 Mt
230 3899 252 3944 7.
278 3889 352 3962 μίνγ
380 3895 392 3946 t
508 3897 533 3948 8.
558 3891 624 3948 fort
648 3893 800 3956 τοιούτους
906 3893 958 3940 Ἃ·
982 3901 1001 3935 ‘³
1019 3890 1126 3947 Vm*

72 3976 147 4013 evan.
172 3961 217 4029 M]
238 3976 290 4015 om.
317 3963 329 4015 t

928 4038 987 4095 w
