2394 4208
570 140 579 163 Q
605 156 608 165 ι

555 160 569 191 0
604 172 609 187 ι

10 39 840 338 m

55 530 120 585 αντ
133 531 163 604 4]
320 531 368 586 DE
388 530 647 586 Αεναααινινο
664 530 787 587 ανανι
999 529 1066 595 5λό

55 696 180 778 χρόνου
209 695 431 779 δημιουργόν,
460 693 524 759 κᾶν
550 693 660 772 ἀίδιος
688 688 709 780 ή
737 694 756 760 ό
783 697 921 779 κόσμος,
950 691 971 777 ή
997 693 1066 759 ὑπὸ

55 803 179 886 χρόνον
201 805 384 886 ποιήσομεν
410 800 431 885 ή
455 799 493 866 ἐν
515 800 605 889 αὐτῷ
627 801 687 866 τὸν
709 803 834 889 χρόνον
854 801 1065 886 ὑφίστασθαι

56 907 216 990 δώσομεν.
262 908 313 974 ὅτι
335 905 398 993 μὲν
421 903 560 987 οὖντὰς
577 911 696 995 νοερὰς
714 908 831 986 οὐσίας
850 907 931 974 ὅσον
950 907 986 973 ἐκ
1004 916 1066 973 τοῦ

55 1015 158 1096 λόγου
187 1016 309 1080 τούτου
336 1015 402 1080 ὑπὸ
430 1018 556 1102 χρόνον
580 1024 692 1081 ποιεῖν
720 1015 861 1100 ἀνάγκη,
885 1015 990 1099 δῆλον
1013 1013 1065 1079 ἐν·

55 1126 191 1185 κεῦθεν·
228 1123 258 1187 εί
285 1123 348 1206 γὰρ
375 1121 431 1188 καὶ
454 1121 576 1208 ἀμερής
599 1121 691 1187 ἐστιν
711 1122 732 1206 ή
755 1131 816 1187 τοῦ
838 1130 902 1187 νοῦ
925 1120 1064 1205 ἐκιβολή
1092 1151 1107 1194 ⁶

56 1224 110 1290 καὶ
143 1225 354 1312 όόιοίστατος,
393 1227 463 1293 ἀλλ’
495 1223 559 1294 οὖν
590 1229 628 1294 τὸ
659 1229 703 1313 μή
736 1230 802 1313 ἅμα
832 1228 941 1294 πάντα
972 1237 1067 1293 νοείν

56 1332 161 1398 αὐτὸν
189 1332 245 1399 καὶ
275 1333 370 1400 αὐτοὶ
400 1336 481 1420 ἡμῖν
511 1339 860 1420 συνομολογήσουσιν,
889 1335 934 1412 ὡς
960 1333 1016 1400 καὶ
1046 1333 1066 1400 ὁ

57 1441 212 1525 Πρόκλος
243 1439 280 1505 ἐν
310 1451 381 1519 τοῖς
412 1448 628 1528 αροτεθελσιν
659 1442 763 1507 αὐτοῦ
795 1442 908 1527 ῥητοῖς
939 1440 975 1506 ἐκ
1004 1449 1066 1505 τοῦ

54 1545 131 1633 περὶ
163 1551 324 1633 προνοίας
355 1550 460 1632 λόγου
491 1546 626 1634 ᾐνίξατο
659 1549 763 1614 εἰκὼν
791 1546 858 1613 ζκαὶ
888 1549 951 1632 γὰρ
984 1555 1067 1624 νοῦς

55 1663 120 1730 τιᾶς
138 1645 186 1730 εἷς
203 1652 259 1719 καὶ
276 1657 382 1733 πολὺς
404 1654 460 1721 καὶ
482 1663 528 1742 τῷ
552 1650 638 1721 εἶναι
661 1653 716 1720 καὶ
738 1663 785 1743 τῷ
803 1655 921 1720 νοελν’·
944 1654 982 1719 τὸ
1001 1654 1065 1739 γὰρ
1079 1682 1108 1723 ιο

55 1767 225 1825 κινεῖσθαι
248 1758 324 1846 περὶ
347 1761 387 1826 τὰ
410 1762 541 1844 γνωστὰ
564 1761 653 1826 ῐόιον
676 1756 766 1826 εἶναί
786 1778 892 1845 φησιν
912 1769 971 1844 τῆς
993 1781 1066 1824 νοε-

57 1876 117 1951 ρᾶς
146 1890 181 1931 τε
211 1865 266 1931 καὶ
295 1877 438 1952 ψυχικῆς
467 1869 630 1951 γνώσεως.
675 1876 760 1932 νοῦν
789 1863 827 1932 δὲ
854 1865 995 1951 λέγομεν
1024 1866 1066 1931 οὐ

55 1974 116 2037 τὸν
139 1973 381 2059 δημιουργικὸν
404 1974 561 2057 δηλονότι
584 1973 668 2038 ἀλλὰ
689 1975 748 2051 τὰς
769 1971 837 2058 μετ’
861 1971 991 2056 ἐκείνου
1010 1971 1066 2037 καί

57 2077 110 2144 ἀπ’
140 2079 270 2145 ἐκείνου
298 2081 416 2166 νοερὰς
444 2079 575 2164 οὐσίας,
603 2079 726 2157 αἵτινές
752 2077 824 2145 κοτ’
852 2078 895 2144 ἂν
924 2075 1001 2145 εἶεν.
1047 2079 1066 2145 ὁ

55 2195 208 2263 τοιοῦτος
238 2180 301 2252 οὖν
328 2194 426 2270 νοῦς,
454 2187 499 2264 ὡς
526 2186 568 2252 ἂν
590 2185 645 2251 καὶ
664 2184 833 2271 Ἑλλήνων
856 2189 1109 2271 συμφήσαιενιο

56 2294 187 2375 παῖδες,
220 2292 282 2377 οὐχ
313 2294 380 2377 ἅμα
411 2294 514 2378 τυχὸν
545 2290 601 2357 καὶ
630 2292 717 2358 θεὸν
748 2291 804 2358 καὶ
836 2295 980 2377 όγγελον
1011 2291 1067 2358 καὶ

56 2402 169 2484 ψυχήν
200 2397 255 2463 καὶ
287 2401 414 2483 κόσμον
444 2397 499 2463 καὶ
531 2399 637 2464 αἰῶνα
671 2397 727 2464 καὶ
758 2402 882 2485 χρόνον
912 2397 967 2464 καί
999 2410 1068 2465 τῶν

58 2507 170 2570 ἄλλων
197 2516 290 2570 νοεῖν
317 2503 458 2570 ἕκαστον
486 2505 625 2570 δύναται
652 2503 723 2570 ἀλλ’
751 2504 875 2571 ἕκαστα
904 2507 975 2594 ίόίᾳ
998 2506 1067 2572 ἐπι-

58 2612 173 2694 βάλλει
204 2611 268 2676 όιτὸ
298 2615 463 2697 νοήματος
492 2614 540 2689 είς
569 2614 676 2697 νόημα
702 2614 920 2697 μεταβαίνων,
952 2615 982 2679 ελ
1011 2611 1067 2678 καί

58 2716 208 2802 ἀχρόνως
230 2741 265 2782 τε
287 2716 343 2783 καὶ
366 2717 569 2796 όόιαστιίτως
592 2717 731 2784 ἑκάστου
754 2727 877 2803 νοητοῦ
894 2720 1066 2803 θιγγάνει·
1079 2746 1112 2786 ιο

56 2833 118 2889 τοῦ
141 2826 204 2910 γὰρ
228 2826 471 2911 δημιουργικοῦ
493 2833 557 2889 νοῦ
582 2825 671 2889 ίδιον
693 2824 714 2908 ή
737 2823 848 2910 ἀθρόα
869 2823 925 2890 καὶ
943 2824 1068 2913 ἀμερής

57 2933 124 3015 ἅμα
151 2930 286 2995 πάντων
311 2932 435 3014 νόησις.
481 2930 608 2996 οὐκοῦν
635 2931 673 2996 τὸ
700 2929 763 3015 μέν
788 2954 821 2996 τι
843 2928 987 3020 κρῶήτον
1010 2950 1122 2992 romor-

57 3049 129 3103 νοελ
156 3038 174 3103 ὁ
202 3046 297 3121 νοῦς,
325 3037 362 3101 τὸ
391 3033 429 3102 δὲ
456 3037 625 3124 δεύτερον,
652 3037 690 3102 τὸ
719 3033 757 3102 δὲ
784 3040 905 3124 τρίτον.
950 3039 980 3102 εἰ
1003 3033 1068 3104 οὖν

58 3144 109 3208 ότι
138 3145 260 3228 δήποτε
287 3143 398 3220 ἁπλῶς
425 3143 463 3208 τὸ
490 3144 633 3230 ὕστερον
660 3146 726 3228 ἔχει
753 3142 809 3209 καὶ
830 3145 1006 3231 πρότερον,
1030 3144 1068 3210 ἐν

58 3252 166 3338 τούτῳ
198 3248 254 3315 καὶ
285 3253 405 3335 χρόνος
438 3249 540 3316 ἐστίν·
571 3248 626 3315 καὶ
659 3251 693 3315 αὶ
724 3248 839 3336 νοεραὶ
871 3253 935 3337 ἄρα
962 3261 1067 3318 νιᾶσαι
1080 3276 1109 3318 τε

58 3357 170 3421 οὐσίαι
197 3354 252 3421 καὶ
280 3356 441 3440 σωμάτων
469 3355 662 3443 ἐξῃρημέναι
689 3356 756 3422 ὑπὸ
783 3358 908 3443 χρόνον
934 3361 1066 3424 ἔσονται
1108 3388 1111 3397 ·

58 3461 112 3526 καὶ
136 3462 172 3527 ἐν
195 3462 310 3539 αὐταῖς
334 3462 351 3527 ὁ
375 3464 496 3547 χρόνος
519 3467 715 3547 συστήσεται
738 3462 793 3528 καὶ
815 3464 885 3540 κὼς
903 3465 1066 3551 κατάντη

57 3567 283 3654 κεχωρισμένα
307 3570 457 3653 σώματος
479 3567 535 3634 καὶ
554 3579 739 3653 σωματικῆς
759 3568 957 3656 ἐστερημένα
974 3574 1066 3654 κινή-

130 3766 154 3815 2.
170 3767 194 3815 3.
214 3762 565 3831 ποιησωμεν...ὃωσωμεν
588 3761 617 3814 Μ
640 3765 688 3831 (cr.
707 3764 749 3831 pt)
857 3766 898 3816 10.
917 3763 967 3816 καὶ
992 3750 1073 3828 (οδω.

57 3829 186 3970 ξξχχψοῐιρ,
205 3838 269 3902 570,
289 3838 304 3886 7
427 3839 467 3888 11.
487 3832 657 3906 κινήειήσθαι
677 3833 711 3887 M
826 3838 877 3886 Ἃ.
893 3833 948 3884 καὶ
963 3831 1000 3882 τω
1016 3826 1093 3889 τιυὶ)-
