2394 4208
92 580 157 635 ενι
170 582 198 652 4]
359 580 408 635 DE
426 581 685 636 mamm
703 580 824 637 mm
1038 581 1101 645 581

95 744 187 808 ούπω
210 745 271 827 τὴν
288 747 414 829 τρίτην,
432 742 487 809 καλ
511 743 564 809 ἐπὶ
586 755 655 809 τῶν
673 749 799 810 λοιπῶν
817 745 981 821 ὡσαύτως.
1019 746 1048 809 εἰ
1066 742 1104 809 δὲ

94 852 136 933 μὴ
161 851 228 934 ἅμα
249 851 411 934 ἠβούλετο
433 851 541 928 πάσας
564 850 846 937 ἀποκαταστῆναι,
870 852 924 917 ὅτε
948 852 1104 934 δηλονότι

95 955 212 1039 ἑκάστη
237 956 451 1041 ἀπεκατέστη,
474 960 548 1023 τότε
566 956 620 1022 καί
639 959 800 1042 ἠβούλετο
819 958 924 1043 αὐτὴν
942 958 1104 1024 ἀποκατα-

95 1073 224 1147 στῆναι·
257 1065 287 1128 εί
306 1060 343 1128 66
361 1073 472 1148 τοῦτο,
491 1063 753 1130 ἀποκαθίσταται
773 1061 810 1130 δέ
828 1065 849 1149 ἡ
867 1061 929 1150 μὲν
951 1063 1105 1151 προτέρα,

94 1170 114 1253 ἡ
139 1166 176 1234 δέ
199 1169 347 1256 δευτέρα,
370 1175 463 1256 τρίτη
488 1167 524 1234 δὲ
547 1168 603 1235 καὶ
625 1171 761 1256 τετάρτη
784 1169 839 1236 καλ
863 1170 990 1256 ἑφεξῆς,
1014 1175 1105 1237 ἔστιν
1132 1195 1145 1237 5

95 1278 158 1362 ἀρα
188 1275 243 1340 καί
272 1275 308 1341 έν
335 1287 407 1353 ταῖς
435 1279 639 1360 βουλήσεσιν
665 1287 726 1343 τοῦ
753 1284 838 1343 θεοῦ
858 1278 966 1363 ὥσπερ
989 1276 1044 1343 καλ
1067 1277 1105 1343 έν

96 1393 167 1460 ταῖς
190 1387 348 1467 νοησεσιν
371 1383 408 1447 τὸ
431 1385 597 1470 πρότερον
623 1382 677 1448 καὶ
700 1385 738 1448 τὸ
760 1383 903 1470 ὕστερον
925 1382 980 1448 καὶ
1002 1386 1040 1448 τὸ
1063 1381 1105 1468 ἦν

95 1488 149 1554 καί
173 1490 211 1554 τὸ
235 1492 336 1572 ἔσται,
360 1490 417 1554 διά
437 1498 537 1553 τοῦτο
562 1485 677 1554 δὲκαὶ
699 1491 835 1575 χρόνος,
854 1488 936 1555 ὅσον
959 1488 1011 1554 ἐπὶ
1033 1501 1106 1568 ταῖς

96 1596 258 1680 ἀφύκτοις
280 1597 415 1673 ταύταις
433 1606 501 1660 τῶν
519 1600 754 1679 συλλογισμῶν
773 1594 1025 1680 έπιχειρησεσιν,
1043 1595 1106 1661 κάν

95 1703 207 1768 ἀίδιόν
236 1726 285 1778 τις
313 1697 398 1767 εἶναι
426 1703 487 1766 τὸν
514 1704 640 1787 κόσμον
667 1702 841 1767 ὑπόθοιτο.
887 1704 935 1767 έτι
964 1705 1107 1788 πότερον
1120 1728 1147 1768 ιο

97 1805 190 1874 οἶδεν
213 1809 231 1874 6
255 1809 336 1886 θεὸς
359 1810 396 1873 τὸ
420 1808 544 1893 μέλλον
566 1807 587 1893 ἣ
611 1809 673 1874 οὐκ
697 1804 803 1888 οἶδενς
828 1810 857 1873 εί
879 1804 941 1892 μέν
964 1803 1027 1874 οὖν
1045 1809 1106 1874 οὐκ

96 1911 190 1981 οἶδεν
211 1917 249 1980 τὸ
272 1915 406 2000 μέλλον,
430 1911 509 1981 οὐδὲ
532 1916 569 1981 τὸ
594 1915 725 1992 ένεστὸς
753 1921 887 1981 είσεται·
924 1917 953 1980 εί
983 1916 1045 2000 γάρ
1068 1915 1106 1980 τὸ

96 2024 206 2109 παρὸν
233 2018 326 2088 οἶδεν
353 2021 487 2106 ἀγνοῶν
513 2022 551 2087 τὸ
578 2021 716 2106 μέλλον,
743 2020 798 2087 καὶ
826 2032 894 2087 τῶν
917 2021 1107 2107 ἀνθρώπων

96 2132 186 2195 ἔσται
213 2132 346 2215 χείρων·
382 2126 500 2193 πολλοὶ
528 2129 591 2214 γάρ
621 2139 689 2192 τῶν
711 2127 902 2214 ἀνθρώπων
924 2128 961 2192 τὸ
985 2127 1108 2211 μέλλον

96 2234 290 2317 ἐγνώκασιν.
336 2237 433 2318 ὥστε,
462 2235 492 2299 εί
518 2235 559 2299 τά
586 2232 757 2322 ένεστῶίτα
783 2245 851 2299 τῶν
880 2244 1025 2320 μερικῶν
1042 2251 1082 2292 101.
1093 2253 1160 2293 mv.

97 2337 200 2426 οἶδεν,
219 2340 274 2405 καί
292 2343 332 2406 τά
354 2339 518 2425 μέλλοντα
541 2346 672 2424 είσεται,
690 2342 747 2406 ἵνα
769 2342 813 2426 μὴ
836 2339 891 2406 καὶ
915 2339 1106 2427 ἀνθρώπων
1120 2368 1146 2408 ιι

96 2441 117 2531 ᾗ
142 2452 272 2533 χείρων,
299 2448 381 2532 τάχα
409 2444 446 2511 δὲ
474 2446 528 2512 καὶ
557 2446 701 2531 ἀλόγων·
738 2450 844 2514 πολλά
867 2449 930 2533 γάρ
953 2446 1008 2512 καὶ
1031 2449 1107 2513 τού·

96 2578 163 2619 τῶν
186 2564 246 2619 τοῦ
269 2553 448 2638 μέλλοντος
471 2554 701 2638 λαμβάνουσιν
720 2560 890 2638 αἴσθησιν,
909 2555 953 2631 ὡς
973 2552 1106 2640 γέρανοι

97 2657 159 2744 μὲν
187 2672 331 2745 χειμῶνα
359 2662 546 2744 φεύγουσαι
569 2658 624 2725 καὶ
647 2659 742 2747 ἕτερα
765 2656 802 2725 δέ
824 2664 970 2725 πλεῖστα.
1016 2661 1046 2725 εἰ
1070 2657 1107 2725 δὲ

97 2770 177 2851 μήτε
200 2768 237 2832 τὸ
262 2766 393 2843 ένεστὸς
411 2762 505 2831 οἷάεν
522 2769 603 2852 μήτε
621 2767 657 2833 τὸ
677 2766 809 2852 μέλλον,
827 2769 978 2832 καθόλου
997 2767 1104 2832 πάντα
1118 2793 1146 2833 εο

98 2872 267 2957 ἀγνοήσει·
303 2869 382 2938 οὐδὲ
405 2875 468 2959 γάρ
491 2874 529 2938 τὸ
553 2875 726 2958 παρελθὸν
748 2880 884 2939 εἴσεται·
921 2882 1019 2939 τοῦτο
1043 2876 1106 2961 γὰρ

98 2981 262 3065 πρότερον
290 2978 422 3057 ένεστὸς
449 2979 601 3064 γέγονεν·
638 2980 656 3045 6
685 2977 722 3046 δὲ
748 2981 787 3046 τὸ
815 2980 856 3045 ὃν
883 2971 1025 3063 ἀγνοῶν,
1056 2981 1106 3045 ὅτι

98 3088 199 3168 ἔστιν,
229 3090 341 3173 πολλῷ
370 3087 479 3170 δήπου
506 3087 544 3150 τὸ
572 3084 686 3171 μηκέτι
710 3085 750 3151 ὂν
773 3087 836 3152 οὐκ
858 3093 978 3152 τίσεται
1003 3088 1032 3151 εί
1055 3086 1107 3169 γέ-

98 3216 205 3278 γονεν.
244 3192 370 3258 ούκοῦν
392 3189 472 3258 οὐδὲ
491 3194 521 3257 εί
539 3196 629 3258 ἔσται
649 3192 667 3258 6
687 3191 742 3257 ὑπ’
762 3192 865 3258 αὐτοῦ
884 3193 1107 3277 δημιουργού-

97 3322 196 3382 μενος
223 3301 346 3383 κόσμος
374 3305 508 3365 είσεται·
546 3298 719 3382 ἐνέστηκεν
748 3301 811 3385 γάρ
839 3299 858 3364 ό
885 3301 1022 3383 κόσμος,
1050 3297 1106 3364 καὶ
1120 3325 1147 3367 τε

98 3405 206 3470 πάντα
229 3404 266 3469 έν
288 3413 334 3493 τῷ
357 3414 422 3469 νῦν
445 3408 511 3490 ἔχει
534 3407 595 3490 τὴν
617 3403 768 3490 ύπαρξιν.
804 3404 859 3471 καὶ
883 3405 900 3471 6
924 3407 1047 3489 κόσμος
1070 3402 1107 3470 δὲ

168 3669 256 3791 Ἢδε
275 3669 304 3737 η]
324 3668 353 3720 Μ
417 3674 440 3722 6.
460 3687 504 3732 τες
522 3668 551 3722 Μ
616 3674 656 3722 12.
677 3668 790 3731 ἐνεστὼς
808 3671 841 3738 pt
900 3674 941 3723 13.
961 3667 1107 3740 ἀγαλολων,

99 3755 131 3791 ex
151 3759 181 3805 ω,
302 3746 360 3810 [και
379 3739 447 3810 τῙων
466 3740 495 3792 Μ
568 3745 609 3794 17.
629 3741 753 3811 χ[ει]ρων
772 3740 802 3793 Μ
865 3745 906 3793 19.
927 3741 1107 3809 φευγονσίαλι

98 3810 127 3862 Μ
200 3815 241 3863 20.
262 3808 407 3872 ένεστὼςί
487 3811 579 3883 μληλτε
597 3811 627 3863 Μ
708 3817 754 3865 22.
773 3807 946 3876 ἐνεστῶςηῶ
1028 3813 1083 3855 Ἃ.
1099 3807 1129 3852 εὶ

99 3880 186 3950 ἔσται]
204 3897 304 3934 εισεται
322 3880 354 3933 Μ
426 3887 468 3938 25.
490 3901 594 3939 εισεται
611 3883 659 3959 M}
678 3883 704 3939 εἰ
721 3882 804 3938 ἕσται
820 3886 854 3948 Μ,
875 3881 904 3933 ελ
923 3878 1034 3928 &mm
1048 3886 1075 3932 ρ

88 3955 128 4001 26.
150 3949 244 4004 πάντα
261 3955 424 4021 suspectum
