<?xml version="1.0" encoding="UTF-8"?>
<!DOCTYPE html PUBLIC "-//W3C//DTD XHTML 1.0 Transitional//EN"
    "http://www.w3.org/TR/xhtml1/DTD/xhtml1-transitional.dtd">
<html xmlns="http://www.w3.org/1999/xhtml" xml:lang="en" lang="en">
 <head>
  <title>
</title>
<meta http-equiv="Content-Type" content="text/html;charset=utf-8" />
  <meta name='ocr-system' content='tesseract 3.04.00' />
  <meta name='ocr-capabilities' content='ocr_page ocr_carea ocr_par ocr_line ocrx_word'/>
</head>
<body>
  <div class='ocr_page' id='page_1' title='image "./ioannesphilopon00philgoog_0536.png"; bbox 0 0 2394 4208; ppageno 0'>
   <div class='ocr_carea' id='block_1_1' title="bbox 81 566 1085 653">
    <p class='ocr_par' dir='ltr' id='par_1_1' title="bbox 81 566 1085 653">
     <span class='ocr_line' id='line_1_1' title="bbox 81 566 1085 653; baseline 0.01 -31"><span class='ocrx_word' id='word_1_1' title='bbox 81 566 146 622; x_wconf 84' lang='lat' dir='ltr'><em>xm</em></span> <span class='ocrx_word' id='word_1_2' title='bbox 160 569 205 640; x_wconf 84' lang='grc' dir='ltr'><em>ιε]</em></span> <span class='ocrx_word' id='word_1_3' title='bbox 346 567 395 622; x_wconf 79' lang='grc' dir='ltr'><em>ΒΕ</em></span> <span class='ocrx_word' id='word_1_4' title='bbox 412 566 669 623; x_wconf 69' lang='grc' dir='ltr'><em>ΑΕΤΕΒΝΙΤΑΤΕ</em></span> <span class='ocrx_word' id='word_1_5' title='bbox 688 567 810 624; x_wconf 77' lang='lat' dir='ltr'><strong>MVNDI</strong></span> <span class='ocrx_word' id='word_1_6' title='bbox 1002 649 1004 653; x_wconf 23' lang='grc' dir='ltr'>Ι</span> <span class='ocrx_word' id='word_1_7' title='bbox 1022 568 1085 631; x_wconf 77' lang='grc'><em>521</em></span> 
     </span>
    </p>
   </div>
   <div class='ocr_carea' id='block_1_2' title="bbox 80 727 1132 2094">
    <p class='ocr_par' dir='ltr' id='par_1_2' title="bbox 80 727 1132 2094">
     <span class='ocr_line' id='line_1_2' title="bbox 80 727 1088 817; baseline -0.001 -21"><span class='ocrx_word' id='word_1_8' title='bbox 80 733 125 815; x_wconf 84' lang='grc' dir='ltr'><em>μὴ</em></span> <span class='ocrx_word' id='word_1_9' title='bbox 154 727 239 796; x_wconf 84' lang='grc' dir='ltr'><strong><em>εἶναι</em></strong></span> <span class='ocrx_word' id='word_1_10' title='bbox 267 731 302 796; x_wconf 87' lang='grc' dir='ltr'><strong><em>εἰι</em></strong></span> <span class='ocrx_word' id='word_1_11' title='bbox 329 733 458 796; x_wconf 84' lang='grc' dir='ltr'><em>τούτων</em></span> <span class='ocrx_word' id='word_1_12' title='bbox 479 731 540 795; x_wconf 89' lang='grc' dir='ltr'><em>τὸν</em></span> <span class='ocrx_word' id='word_1_13' title='bbox 562 731 708 815; x_wconf 88' lang='grc' dir='ltr'><em>οὐρανόν</em></span> <span class='ocrx_word' id='word_1_14' title='bbox 731 727 802 816; x_wconf 76' lang='grc' dir='ltr'><em>(τῆς</em></span> <span class='ocrx_word' id='word_1_15' title='bbox 824 731 887 817; x_wconf 78' lang='grc' dir='ltr'><em>γὰρ</em></span> <span class='ocrx_word' id='word_1_16' title='bbox 907 728 1088 817; x_wconf 85' lang='grc' dir='ltr'><em>Ἀριστοτέ-</em></span> 
     </span>
     <span class='ocr_line' id='line_1_3' title="bbox 80 834 1087 924; baseline 0 -22"><span class='ocrx_word' id='word_1_17' title='bbox 80 843 162 914; x_wconf 87' lang='grc' dir='ltr'><em>λους</em></span> <span class='ocrx_word' id='word_1_18' title='bbox 189 835 360 923; x_wconf 78' lang='grc' dir='ltr'><em>διατριβῆς</em></span> <span class='ocrx_word' id='word_1_19' title='bbox 388 836 405 902; x_wconf 98' lang='lat'>6</span> <span class='ocrx_word' id='word_1_20' title='bbox 436 835 679 924; x_wconf 82' lang='grc' dir='ltr'><em>Θεόφραστος),</em></span> <span class='ocrx_word' id='word_1_21' title='bbox 708 835 762 902; x_wconf 74' lang='grc' dir='ltr'><em>καὶ</em></span> <span class='ocrx_word' id='word_1_22' title='bbox 794 837 844 902; x_wconf 85' lang='grc' dir='ltr'><em>ὅτι</em></span> <span class='ocrx_word' id='word_1_23' title='bbox 874 834 954 903; x_wconf 71' lang='grc' dir='ltr'><em>οὐδὲ</em></span> <span class='ocrx_word' id='word_1_24' title='bbox 984 843 1087 902; x_wconf 70' lang='grc' dir='ltr'><em>οἴεται</em></span> 
     </span>
     <span class='ocr_line' id='line_1_4' title="bbox 81 942 1087 1028; baseline -0.001 -19"><span class='ocrx_word' id='word_1_25' title='bbox 81 944 99 1009; x_wconf 90' lang='lat'>6</span> <span class='ocrx_word' id='word_1_26' title='bbox 129 953 189 1008; x_wconf 90' lang='grc' dir='ltr'><em>τοῦ</em></span> <span class='ocrx_word' id='word_1_27' title='bbox 219 946 398 1021; x_wconf 79' lang='grc' dir='ltr'><em>Πλάτωνος</em></span> <span class='ocrx_word' id='word_1_28' title='bbox 426 942 581 1028; x_wconf 76' lang='grc' dir='ltr'><strong><em>ἐξηγητὴς</em></strong></span> <span class='ocrx_word' id='word_1_29' title='bbox 608 944 645 1008; x_wconf 93' lang='grc' dir='ltr'><em>τὸ</em></span> <span class='ocrx_word' id='word_1_30' title='bbox 673 942 821 1028; x_wconf 89' lang='grc' dir='ltr'><em>πέμπτον</em></span> <span class='ocrx_word' id='word_1_31' title='bbox 850 944 1087 1028; x_wconf 76' lang='grc' dir='ltr'><em>ἀποδεδεῖχθαι</em></span> 
     </span>
     <span class='ocr_line' id='line_1_5' title="bbox 81 1048 1086 1135; baseline -0.001 -20"><span class='ocrx_word' id='word_1_32' title='bbox 81 1062 255 1135; x_wconf 79' lang='grc' dir='ltr'><strong><em>στοιχεῖον,</em></strong></span> <span class='ocrx_word' id='word_1_33' title='bbox 291 1050 341 1115; x_wconf 83' lang='grc' dir='ltr'><em>ὅτι</em></span> <span class='ocrx_word' id='word_1_34' title='bbox 374 1053 475 1135; x_wconf 81' lang='grc' dir='ltr'><strong><em>ἔστιν,</em></strong></span> <span class='ocrx_word' id='word_1_35' title='bbox 506 1050 572 1116; x_wconf 83' lang='grc' dir='ltr'><em>ὑπὸ</em></span> <span class='ocrx_word' id='word_1_36' title='bbox 602 1048 859 1135; x_wconf 79' lang='grc' dir='ltr'><em>Ἀριστοτέλους·</em></span> <span class='ocrx_word' id='word_1_37' title='bbox 900 1051 993 1116; x_wconf 58' lang='grc' dir='ltr'><em>εὅταν</em></span> <span class='ocrx_word' id='word_1_38' title='bbox 1024 1051 1086 1135; x_wconf 81' lang='grc' dir='ltr'><em>γὰρ</em></span> 
     </span>
     <span class='ocr_line' id='line_1_6' title="bbox 82 1156 1130 1243; baseline 0.004 -22"><span class='ocrx_word' id='word_1_39' title='bbox 82 1157 188 1222; x_wconf 81' lang='grc' dir='ltr'><em>έκεῖνο</em></span> <span class='ocrx_word' id='word_1_40' title='bbox 212 1157 428 1243; x_wconf 74' lang='grc' dir='ltr'><em>παραστήσῃ’,</em></span> <span class='ocrx_word' id='word_1_41' title='bbox 451 1161 566 1241; x_wconf 82' lang='grc' dir='ltr'><strong><em>φησίν,</em></strong></span> <span class='ocrx_word' id='word_1_42' title='bbox 589 1156 651 1221; x_wconf 74' lang='grc' dir='ltr'><strong><em>’ὅτι</em></strong></span> <span class='ocrx_word' id='word_1_43' title='bbox 674 1158 776 1240; x_wconf 80' lang='grc' dir='ltr'><strong><em>ἔστιν,</em></strong></span> <span class='ocrx_word' id='word_1_44' title='bbox 794 1159 867 1221; x_wconf 87' lang='grc' dir='ltr'><strong><em>τότε</em></strong></span> <span class='ocrx_word' id='word_1_45' title='bbox 885 1158 968 1243; x_wconf 89' lang='grc' dir='ltr'><em>πρὸς</em></span> <span class='ocrx_word' id='word_1_46' title='bbox 986 1166 1088 1222; x_wconf 88' lang='grc' dir='ltr'><em>ταῦτα</em></span> <span class='ocrx_word' id='word_1_47' title='bbox 1110 1183 1130 1225; x_wconf 76' lang='grc' dir='ltr'><em>τ</em></span> 
     </span>
     <span class='ocr_line' id='line_1_7' title="bbox 81 1260 1088 1349; baseline 0 -21"><span class='ocrx_word' id='word_1_48' title='bbox 81 1264 289 1329; x_wconf 64' lang='grc' dir='ltr'><strong><em>ἐνιστάσθω.</em></strong></span> <span class='ocrx_word' id='word_1_49' title='bbox 326 1262 491 1347; x_wconf 88' lang='grc' dir='ltr'><em>ἀναμέσον</em></span> <span class='ocrx_word' id='word_1_50' title='bbox 515 1260 547 1327; x_wconf 86' lang='lat'><em>6&#39;</em></span> <span class='ocrx_word' id='word_1_51' title='bbox 568 1263 690 1340; x_wconf 76' lang='grc' dir='ltr'><em>ὕδατός</em></span> <span class='ocrx_word' id='word_1_52' title='bbox 713 1279 817 1347; x_wconf 82' lang='grc' dir='ltr'><strong><em>φησιν</em></strong></span> <span class='ocrx_word' id='word_1_53' title='bbox 839 1261 894 1328; x_wconf 82' lang='grc' dir='ltr'><em>καὶ</em></span> <span class='ocrx_word' id='word_1_54' title='bbox 913 1262 1009 1349; x_wconf 98' lang='grc' dir='ltr'><em>ἀέρος</em></span> <span class='ocrx_word' id='word_1_55' title='bbox 1026 1265 1088 1348; x_wconf 78' lang='grc' dir='ltr'><em>τὴν</em></span> 
     </span>
     <span class='ocr_line' id='line_1_8' title="bbox 81 1368 1087 1456; baseline -0.001 -21"><span class='ocrx_word' id='word_1_56' title='bbox 81 1370 214 1455; x_wconf 76' lang='grc' dir='ltr'><em>ἀτμίδα·</em></span> <span class='ocrx_word' id='word_1_57' title='bbox 252 1370 331 1446; x_wconf 79' lang='grc' dir='ltr'><strong><em>ὁδὸς</em></strong></span> <span class='ocrx_word' id='word_1_58' title='bbox 353 1371 416 1456; x_wconf 78' lang='grc' dir='ltr'><em>γάρ</em></span> <span class='ocrx_word' id='word_1_59' title='bbox 435 1369 532 1434; x_wconf 85' lang='grc' dir='ltr'><strong><em>ἐ’στιν</em></strong></span> <span class='ocrx_word' id='word_1_60' title='bbox 555 1370 636 1453; x_wconf 80' lang='grc' dir='ltr'><em>αὕτη</em></span> <span class='ocrx_word' id='word_1_61' title='bbox 661 1368 693 1447; x_wconf 80' lang='grc' dir='ltr'><em>ἐξ</em></span> <span class='ocrx_word' id='word_1_62' title='bbox 716 1369 838 1447; x_wconf 80' lang='grc' dir='ltr'><em>ὕδατος</em></span> <span class='ocrx_word' id='word_1_63' title='bbox 862 1371 909 1446; x_wconf 80' lang='grc' dir='ltr'><strong><em>εἰς</em></strong></span> <span class='ocrx_word' id='word_1_64' title='bbox 931 1368 1011 1455; x_wconf 91' lang='grc' dir='ltr'><em>ἀέρα</em></span> <span class='ocrx_word' id='word_1_65' title='bbox 1032 1368 1087 1434; x_wconf 82' lang='grc' dir='ltr'><em>καὶ</em></span> 
     </span>
     <span class='ocr_line' id='line_1_9' title="bbox 81 1472 1087 1562; baseline -0.002 -20"><span class='ocrx_word' id='word_1_66' title='bbox 81 1475 114 1554; x_wconf 81' lang='grc' dir='ltr'><em>ἐξ</em></span> <span class='ocrx_word' id='word_1_67' title='bbox 138 1476 234 1562; x_wconf 87' lang='grc' dir='ltr'><em>ἀέρος</em></span> <span class='ocrx_word' id='word_1_68' title='bbox 255 1478 302 1554; x_wconf 84' lang='grc' dir='ltr'><strong><em>εἰς</em></strong></span> <span class='ocrx_word' id='word_1_69' title='bbox 320 1477 426 1562; x_wconf 80' lang='grc' dir='ltr'><strong><em>ὕδωρ·</em></strong></span> <span class='ocrx_word' id='word_1_70' title='bbox 448 1474 661 1560; x_wconf 81' lang='grc' dir='ltr'><em>πυκνουμένη</em></span> <span class='ocrx_word' id='word_1_71' title='bbox 679 1472 741 1559; x_wconf 72' lang='grc' dir='ltr'><em>μέν</em></span> <span class='ocrx_word' id='word_1_72' title='bbox 759 1477 822 1561; x_wconf 78' lang='grc' dir='ltr'><em>γὰρ</em></span> <span class='ocrx_word' id='word_1_73' title='bbox 840 1476 932 1562; x_wconf 77' lang='grc' dir='ltr'><em>ὕδωρ</em></span> <span class='ocrx_word' id='word_1_74' title='bbox 951 1480 1087 1560; x_wconf 82' lang='grc' dir='ltr'><strong><em>γίνεται,</em></strong></span> 
     </span>
     <span class='ocr_line' id='line_1_10' title="bbox 80 1577 1086 1667; baseline -0.001 -20"><span class='ocrx_word' id='word_1_75' title='bbox 80 1583 270 1667; x_wconf 82' lang='grc' dir='ltr'><em>μανουμένη</em></span> <span class='ocrx_word' id='word_1_76' title='bbox 302 1580 339 1648; x_wconf 74' lang='grc' dir='ltr'><em>δέ</em></span> <span class='ocrx_word' id='word_1_77' title='bbox 371 1582 443 1667; x_wconf 80' lang='grc' dir='ltr'><em>ἀήρ.</em></span> <span class='ocrx_word' id='word_1_78' title='bbox 489 1585 580 1648; x_wconf 81' lang='grc' dir='ltr'><strong><em>ἔστιν</em></strong></span> <span class='ocrx_word' id='word_1_79' title='bbox 611 1577 674 1647; x_wconf 86' lang='grc' dir='ltr'><em>οὖν</em></span> <span class='ocrx_word' id='word_1_80' title='bbox 703 1582 723 1665; x_wconf 83' lang='grc' dir='ltr'><em>ἡ</em></span> <span class='ocrx_word' id='word_1_81' title='bbox 756 1580 850 1666; x_wconf 80' lang='grc' dir='ltr'><em>ἀτμὶς</em></span> <span class='ocrx_word' id='word_1_82' title='bbox 882 1581 1086 1667; x_wconf 77' lang='grc' dir='ltr'><strong><em>ὀσφρήσεως·</em></strong></span> 
     </span>
     <span class='ocr_line' id='line_1_11' title="bbox 82 1688 1132 1775; baseline 0.001 -21"><span class='ocrx_word' id='word_1_83' title='bbox 82 1688 267 1775; x_wconf 80' lang='grc' dir='ltr'><em>ὀσφραντοὶ</em></span> <span class='ocrx_word' id='word_1_84' title='bbox 296 1691 358 1774; x_wconf 81' lang='grc' dir='ltr'><em>γὰρ</em></span> <span class='ocrx_word' id='word_1_85' title='bbox 387 1691 419 1754; x_wconf 77' lang='grc' dir='ltr'><em>οἱ</em></span> <span class='ocrx_word' id='word_1_86' title='bbox 448 1688 543 1774; x_wconf 80' lang='grc' dir='ltr'><strong>ἀτμοὶ</strong></span> <span class='ocrx_word' id='word_1_87' title='bbox 566 1688 788 1773; x_wconf 88' lang='grc' dir='ltr'><em>πεποιωμένοι</em></span> <span class='ocrx_word' id='word_1_88' title='bbox 811 1711 880 1765; x_wconf 88' lang='grc' dir='ltr'><em>πως</em></span> <span class='ocrx_word' id='word_1_89' title='bbox 902 1690 996 1765; x_wconf 82' lang='grc' dir='ltr'><strong><em>ὄντες</em></strong></span> <span class='ocrx_word' id='word_1_90' title='bbox 1017 1699 1089 1766; x_wconf 86' lang='grc' dir='ltr'><em>ταῖς</em></span> <span class='ocrx_word' id='word_1_91' title='bbox 1103 1716 1132 1755; x_wconf 81' lang='grc' dir='ltr'><em>ιο</em></span> 
     </span>
     <span class='ocr_line' id='line_1_12' title="bbox 81 1791 1088 1882; baseline -0.001 -22"><span class='ocrx_word' id='word_1_92' title='bbox 81 1796 286 1882; x_wconf 82' lang='grc' dir='ltr'><em>ὀσφρανταῖς</em></span> <span class='ocrx_word' id='word_1_93' title='bbox 313 1798 474 1880; x_wconf 81' lang='grc' dir='ltr'><em>ποιότησι.</em></span> <span class='ocrx_word' id='word_1_94' title='bbox 520 1794 574 1860; x_wconf 82' lang='grc' dir='ltr'><em>καὶ</em></span> <span class='ocrx_word' id='word_1_95' title='bbox 602 1794 670 1880; x_wconf 90' lang='grc' dir='ltr'><strong><em>μετ’</em></strong></span> <span class='ocrx_word' id='word_1_96' title='bbox 699 1795 795 1878; x_wconf 78' lang='grc' dir='ltr'><em>ὀλίγα</em></span> <span class='ocrx_word' id='word_1_97' title='bbox 822 1796 923 1859; x_wconf 79' lang='grc' dir='ltr'><em>πάλιν</em></span> <span class='ocrx_word' id='word_1_98' title='bbox 947 1794 964 1860; x_wconf 98' lang='lat'>6</span> <span class='ocrx_word' id='word_1_99' title='bbox 989 1791 1088 1871; x_wconf 85' lang='grc' dir='ltr'><em>αὐτὸς</em></span> 
     </span>
     <span class='ocr_line' id='line_1_13' title="bbox 85 1899 1088 1988; baseline -0.003 -22"><span class='ocrx_word' id='word_1_100' title='bbox 85 1907 214 1988; x_wconf 79' lang='grc' dir='ltr'><em>Ταῦρος</em></span> <span class='ocrx_word' id='word_1_101' title='bbox 237 1901 385 1988; x_wconf 78' lang='grc' dir='ltr'><em>ἐπιφέρει</em></span> <span class='ocrx_word' id='word_1_102' title='bbox 408 1901 463 1967; x_wconf 78' lang='grc' dir='ltr'><em>καὶ</em></span> <span class='ocrx_word' id='word_1_103' title='bbox 487 1911 589 1967; x_wconf 90' lang='grc' dir='ltr'><em>ταῦτα</em></span> <span class='ocrx_word' id='word_1_104' title='bbox 612 1902 743 1984; x_wconf 62' lang='grc' dir='ltr'><em>ζε”ιῖαβεν</em></span> <span class='ocrx_word' id='word_1_105' title='bbox 766 1903 827 1966; x_wconf 79' lang='grc' dir='ltr'><em>δύο</em></span> <span class='ocrx_word' id='word_1_106' title='bbox 847 1902 931 1987; x_wconf 77' lang='grc' dir='ltr'><em>ἄκρα</em></span> <span class='ocrx_word' id='word_1_107' title='bbox 949 1899 1088 1965; x_wconf 88' lang='grc' dir='ltr'><strong><em>ἀντικεί-</em></strong></span> 
     </span>
     <span class='ocr_line' id='line_1_14' title="bbox 80 2006 1088 2094; baseline -0.002 -21"><span class='ocrx_word' id='word_1_108' title='bbox 80 2032 163 2094; x_wconf 89' lang='grc' dir='ltr'><em>μενα</em></span> <span class='ocrx_word' id='word_1_109' title='bbox 186 2008 355 2092; x_wconf 78' lang='grc' dir='ltr'><em>ἀλλήλοις,</em></span> <span class='ocrx_word' id='word_1_110' title='bbox 378 2017 446 2093; x_wconf 90' lang='grc' dir='ltr'><em>πῦρ</em></span> <span class='ocrx_word' id='word_1_111' title='bbox 469 2006 523 2072; x_wconf 80' lang='grc' dir='ltr'><em>καὶ</em></span> <span class='ocrx_word' id='word_1_112' title='bbox 546 2018 620 2092; x_wconf 76' lang='grc' dir='ltr'><em>γῆν,</em></span> <span class='ocrx_word' id='word_1_113' title='bbox 643 2007 697 2072; x_wconf 79' lang='grc' dir='ltr'><em>καὶ</em></span> <span class='ocrx_word' id='word_1_114' title='bbox 715 2017 818 2072; x_wconf 90' lang='grc' dir='ltr'><em>ταῦτα</em></span> <span class='ocrx_word' id='word_1_115' title='bbox 836 2009 990 2090; x_wconf 77' lang='grc' dir='ltr'><em>βούλεται</em></span> <span class='ocrx_word' id='word_1_116' title='bbox 1010 2022 1088 2070; x_wconf 90' lang='grc' dir='ltr'><strong><em>συν·</em></strong></span> 
     </span>
    </p>
   </div>
   <div class='ocr_carea' id='block_1_3' title="bbox 81 2111 1088 2200">
    <p class='ocr_par' dir='ltr' id='par_1_3' title="bbox 81 2111 1088 2200">
     <span class='ocr_line' id='line_1_15' title="bbox 81 2111 1088 2200; baseline -0.003 -21"><span class='ocrx_word' id='word_1_117' title='bbox 81 2118 222 2199; x_wconf 86' lang='grc' dir='ltr'><em>αρμόσαι</em></span> <span class='ocrx_word' id='word_1_118' title='bbox 245 2116 404 2198; x_wconf 83' lang='grc' dir='ltr'><strong><em>μεσότησί</em></strong></span> <span class='ocrx_word' id='word_1_119' title='bbox 423 2131 512 2178; x_wconf 92' lang='grc' dir='ltr'><strong><em>τισιν</em></strong></span> <span class='ocrx_word' id='word_1_120' title='bbox 533 2113 699 2197; x_wconf 78' lang='grc' dir='ltr'><em>ἀνάλογον</em></span> <span class='ocrx_word' id='word_1_121' title='bbox 718 2114 871 2198; x_wconf 76' lang='grc' dir='ltr'><em>ἐχούσαις</em></span> <span class='ocrx_word' id='word_1_122' title='bbox 888 2111 972 2200; x_wconf 90' lang='grc' dir='ltr'><em>πρὸς</em></span> <span class='ocrx_word' id='word_1_123' title='bbox 991 2113 1088 2196; x_wconf 78' lang='grc' dir='ltr'><em>ἀλλή-</em></span> 
     </span>
    </p>
   </div>
   <div class='ocr_carea' id='block_1_4' title="bbox 78 2219 1143 3691">
    <p class='ocr_par' dir='ltr' id='par_1_4' title="bbox 78 2219 1143 3691">
     <span class='ocr_line' id='line_1_16' title="bbox 80 2219 1131 2307; baseline 0.003 -23"><span class='ocrx_word' id='word_1_124' title='bbox 80 2226 140 2298; x_wconf 79' lang='grc' dir='ltr'><em>λας</em></span> <span class='ocrx_word' id='word_1_125' title='bbox 167 2220 221 2286; x_wconf 77' lang='grc' dir='ltr'><em>καὶ</em></span> <span class='ocrx_word' id='word_1_126' title='bbox 249 2219 332 2307; x_wconf 86' lang='grc' dir='ltr'><em>πρὸς</em></span> <span class='ocrx_word' id='word_1_127' title='bbox 360 2219 516 2306; x_wconf 82' lang='grc' dir='ltr'><em>ἑκάτερον</em></span> <span class='ocrx_word' id='word_1_128' title='bbox 537 2231 605 2284; x_wconf 86' lang='grc' dir='ltr'><em>τῶν</em></span> <span class='ocrx_word' id='word_1_129' title='bbox 627 2223 738 2306; x_wconf 72' lang='grc' dir='ltr'><strong><em>ἄκρων</em></strong></span> <span class='ocrx_word' id='word_1_130' title='bbox 760 2219 815 2285; x_wconf 80' lang='grc' dir='ltr'><em>καὶ</em></span> <span class='ocrx_word' id='word_1_131' title='bbox 838 2224 973 2304; x_wconf 72' lang='grc' dir='ltr'><strong><em>τίθησιν</em></strong></span> <span class='ocrx_word' id='word_1_132' title='bbox 995 2220 1087 2306; x_wconf 77' lang='grc' dir='ltr'><em>ὕδωρ</em></span> <span class='ocrx_word' id='word_1_133' title='bbox 1103 2246 1131 2287; x_wconf 78' lang='grc' dir='ltr'><strong><em>ιε</em></strong></span> 
     </span>
     <span class='ocr_line' id='line_1_17' title="bbox 80 2325 1089 2414; baseline -0.001 -22"><span class='ocrx_word' id='word_1_134' title='bbox 80 2326 134 2392; x_wconf 85' lang='grc' dir='ltr'><em>καὶ</em></span> <span class='ocrx_word' id='word_1_135' title='bbox 159 2327 238 2414; x_wconf 90' lang='grc' dir='ltr'><em>ἀέρα</em></span> <span class='ocrx_word' id='word_1_136' title='bbox 261 2329 342 2392; x_wconf 81' lang='grc' dir='ltr'><em>κατὰ</em></span> <span class='ocrx_word' id='word_1_137' title='bbox 365 2328 422 2404; x_wconf 80' lang='grc' dir='ltr'><em>τὰς</em></span> <span class='ocrx_word' id='word_1_138' title='bbox 443 2325 683 2413; x_wconf 85' lang='grc' dir='ltr'><em>προειρημένας</em></span> <span class='ocrx_word' id='word_1_139' title='bbox 706 2328 864 2411; x_wconf 78' lang='grc' dir='ltr'><strong><em>δυνάμεις</em></strong></span> <span class='ocrx_word' id='word_1_140' title='bbox 886 2329 926 2391; x_wconf 79' lang='grc' dir='ltr'><em>τὰ</em></span> <span class='ocrx_word' id='word_1_141' title='bbox 952 2327 1036 2391; x_wconf 85' lang='grc' dir='ltr'><em>αὐτά</em></span> <span class='ocrx_word' id='word_1_142' title='bbox 1053 2349 1089 2391; x_wconf 94' lang='grc' dir='ltr'><strong><em>τε</em></strong></span> 
     </span>
     <span class='ocr_line' id='line_1_18' title="bbox 80 2431 1089 2518; baseline 0 -21"><span class='ocrx_word' id='word_1_143' title='bbox 80 2433 236 2518; x_wconf 78' lang='grc' dir='ltr'><em>ἀλλήλοις</em></span> <span class='ocrx_word' id='word_1_144' title='bbox 259 2435 469 2498; x_wconf 76' lang='grc' dir='ltr'><em>συνάπτοντα</em></span> <span class='ocrx_word' id='word_1_145' title='bbox 490 2431 545 2497; x_wconf 84' lang='grc' dir='ltr'><em>καὶ</em></span> <span class='ocrx_word' id='word_1_146' title='bbox 568 2434 608 2497; x_wconf 82' lang='grc' dir='ltr'><em>τὰ</em></span> <span class='ocrx_word' id='word_1_147' title='bbox 626 2435 711 2518; x_wconf 83' lang='grc' dir='ltr'><em>ἀκρα</em></span> <span class='ocrx_word' id='word_1_148' title='bbox 729 2433 842 2510; x_wconf 83' lang='grc' dir='ltr'><em>αὐτοῖς</em></span> <span class='ocrx_word' id='word_1_149' title='bbox 860 2431 915 2498; x_wconf 82' lang='grc' dir='ltr'><em>καὶ</em></span> <span class='ocrx_word' id='word_1_150' title='bbox 934 2432 1089 2518; x_wconf 78' lang='grc' dir='ltr'><em>ἀλλήλοις</em></span> 
     </span>
     <span class='ocr_line' id='line_1_19' title="bbox 80 2537 1088 2627; baseline 0 -23"><span class='ocrx_word' id='word_1_151' title='bbox 80 2543 184 2625; x_wconf 82' lang='grc' dir='ltr'><strong><em>φησίν</em></strong></span> <span class='ocrx_word' id='word_1_152' title='bbox 207 2564 256 2623; x_wconf 79' lang='grc' dir='ltr'><strong><em>τε,</em></strong></span> <span class='ocrx_word' id='word_1_153' title='bbox 286 2540 335 2604; x_wconf 81' lang='grc' dir='ltr'><em>ὅτι</em></span> <span class='ocrx_word' id='word_1_154' title='bbox 360 2539 378 2605; x_wconf 95' lang='lat'>6</span> <span class='ocrx_word' id='word_1_155' title='bbox 401 2538 482 2616; x_wconf 83' lang='grc' dir='ltr'><strong><em>θεὸς</em></strong></span> <span class='ocrx_word' id='word_1_156' title='bbox 506 2538 543 2604; x_wconf 80' lang='grc' dir='ltr'><em>ἐν</em></span> <span class='ocrx_word' id='word_1_157' title='bbox 564 2537 652 2627; x_wconf 77' lang='grc' dir='ltr'><em>μέσῳ</em></span> <span class='ocrx_word' id='word_1_158' title='bbox 676 2549 743 2603; x_wconf 84' lang='grc' dir='ltr'><em>τῶν</em></span> <span class='ocrx_word' id='word_1_159' title='bbox 766 2540 877 2625; x_wconf 78' lang='grc' dir='ltr'><strong><em>ἄκρων</em></strong></span> <span class='ocrx_word' id='word_1_160' title='bbox 899 2548 959 2605; x_wconf 92' lang='grc' dir='ltr'><em>τοῦ</em></span> <span class='ocrx_word' id='word_1_161' title='bbox 981 2537 1088 2625; x_wconf 87' lang='grc' dir='ltr'><em>πυρὸς</em></span> 
     </span>
     <span class='ocr_line' id='line_1_20' title="bbox 80 2643 1088 2731; baseline 0 -21"><span class='ocrx_word' id='word_1_162' title='bbox 80 2645 135 2711; x_wconf 75' lang='grc' dir='ltr'><em>καὶ</em></span> <span class='ocrx_word' id='word_1_163' title='bbox 157 2656 214 2730; x_wconf 80' lang='grc' dir='ltr'><em>τῆς</em></span> <span class='ocrx_word' id='word_1_164' title='bbox 237 2656 297 2731; x_wconf 74' lang='grc' dir='ltr'><em>γῆς</em></span> <span class='ocrx_word' id='word_1_165' title='bbox 320 2649 442 2729; x_wconf 81' lang='grc' dir='ltr'><strong><em>ἔθηκεν</em></strong></span> <span class='ocrx_word' id='word_1_166' title='bbox 464 2645 544 2731; x_wconf 83' lang='grc' dir='ltr'><em>ἀέρα</em></span> <span class='ocrx_word' id='word_1_167' title='bbox 565 2644 620 2709; x_wconf 80' lang='grc' dir='ltr'><em>καὶ</em></span> <span class='ocrx_word' id='word_1_168' title='bbox 638 2646 730 2730; x_wconf 80' lang='grc' dir='ltr'><em>ὕδωρ</em></span> <span class='ocrx_word' id='word_1_169' title='bbox 748 2643 803 2709; x_wconf 85' lang='grc' dir='ltr'><em>καὶ</em></span> <span class='ocrx_word' id='word_1_170' title='bbox 823 2656 972 2729; x_wconf 77' lang='grc' dir='ltr'><strong><em>συνῆψεν</em></strong></span> <span class='ocrx_word' id='word_1_171' title='bbox 990 2646 1088 2730; x_wconf 78' lang='grc' dir='ltr'><em>ἀλλή-</em></span> 
     </span>
     <span class='ocr_line' id='line_1_21' title="bbox 80 2749 1131 2837; baseline 0.001 -20"><span class='ocrx_word' id='word_1_172' title='bbox 80 2759 166 2836; x_wconf 74' lang='grc' dir='ltr'><em>λοις,</em></span> <span class='ocrx_word' id='word_1_173' title='bbox 194 2751 246 2836; x_wconf 76' lang='grc' dir='ltr'><em>ἐφ’</em></span> <span class='ocrx_word' id='word_1_174' title='bbox 275 2754 356 2819; x_wconf 82' lang='grc' dir='ltr'><em>ὅσον</em></span> <span class='ocrx_word' id='word_1_175' title='bbox 381 2749 424 2836; x_wconf 81' lang='grc' dir='ltr'><em>ἦν</em></span> <span class='ocrx_word' id='word_1_176' title='bbox 454 2754 609 2836; x_wconf 80' lang='grc' dir='ltr'><em>δυνατόν,</em></span> <span class='ocrx_word' id='word_1_177' title='bbox 638 2752 803 2836; x_wconf 80' lang='grc' dir='ltr'><em>ἀνάλογον</em></span> <span class='ocrx_word' id='word_1_178' title='bbox 827 2754 995 2837; x_wconf 80' lang='grc' dir='ltr'><em>συνδήσας</em></span> <span class='ocrx_word' id='word_1_179' title='bbox 1016 2763 1088 2829; x_wconf 84' lang='grc' dir='ltr'><em>ταῖς</em></span> <span class='ocrx_word' id='word_1_180' title='bbox 1102 2779 1131 2818; x_wconf 79' lang='grc' dir='ltr'><em>ιο</em></span> 
     </span>
     <span class='ocr_line' id='line_1_22' title="bbox 78 2853 1088 2945; baseline 0 -20"><span class='ocrx_word' id='word_1_181' title='bbox 78 2862 265 2944; x_wconf 81' lang='grc' dir='ltr'><strong><em>μεσότησιν.</em></strong></span> <span class='ocrx_word' id='word_1_182' title='bbox 302 2858 431 2941; x_wconf 77' lang='grc' dir='ltr'><em>ἐγένετο</em></span> <span class='ocrx_word' id='word_1_183' title='bbox 456 2853 519 2923; x_wconf 87' lang='grc' dir='ltr'><em>οὖν</em></span> <span class='ocrx_word' id='word_1_184' title='bbox 542 2857 577 2923; x_wconf 84' lang='grc' dir='ltr'><em>έκ</em></span> <span class='ocrx_word' id='word_1_185' title='bbox 600 2860 728 2923; x_wconf 90' lang='grc' dir='ltr'><em>τούτων</em></span> <span class='ocrx_word' id='word_1_186' title='bbox 751 2857 925 2935; x_wconf 79' lang='grc' dir='ltr'><strong><em>συντεθεὶς</em></strong></span> <span class='ocrx_word' id='word_1_187' title='bbox 948 2858 965 2924; x_wconf 97' lang='lat'>6</span> <span class='ocrx_word' id='word_1_188' title='bbox 990 2860 1088 2945; x_wconf 88' lang='grc' dir='ltr'><em>οὐρα-</em></span> 
     </span>
     <span class='ocr_line' id='line_1_23' title="bbox 79 2964 1088 3051; baseline -0.001 -20"><span class='ocrx_word' id='word_1_189' title='bbox 79 2966 139 3044; x_wconf 86' lang='grc' dir='ltr'><em>νὸς</em></span> <span class='ocrx_word' id='word_1_190' title='bbox 175 2965 277 3043; x_wconf 86' lang='grc' dir='ltr'><em>ἁπτὸς</em></span> <span class='ocrx_word' id='word_1_191' title='bbox 312 2964 367 3029; x_wconf 80' lang='grc' dir='ltr'><em>καὶ</em></span> <span class='ocrx_word' id='word_1_192' title='bbox 406 2964 537 3050; x_wconf 82' lang='grc' dir='ltr'><em>ὁρατός·</em></span> <span class='ocrx_word' id='word_1_193' title='bbox 583 2964 618 3030; x_wconf 80' lang='grc' dir='ltr'><em>ἐκ</em></span> <span class='ocrx_word' id='word_1_194' title='bbox 654 2976 721 3029; x_wconf 85' lang='grc' dir='ltr'><em>τῶν</em></span> <span class='ocrx_word' id='word_1_195' title='bbox 758 2967 868 3051; x_wconf 85' lang='grc' dir='ltr'><em>ἀκρων</em></span> <span class='ocrx_word' id='word_1_196' title='bbox 900 2968 1017 3048; x_wconf 78' lang='grc' dir='ltr'><strong><em>ἔλαβεν</em></strong></span> <span class='ocrx_word' id='word_1_197' title='bbox 1048 2967 1088 3030; x_wconf 83' lang='grc' dir='ltr'><em>τὰ</em></span> 
     </span>
     <span class='ocr_line' id='line_1_24' title="bbox 81 3069 1086 3157; baseline -0.001 -21"><span class='ocrx_word' id='word_1_198' title='bbox 81 3074 237 3156; x_wconf 76' lang='grc' dir='ltr'><strong><em>αἰσθητά,</em></strong></span> <span class='ocrx_word' id='word_1_199' title='bbox 262 3070 294 3149; x_wconf 81' lang='grc' dir='ltr'><em>ἐξ</em></span> <span class='ocrx_word' id='word_1_200' title='bbox 319 3071 441 3157; x_wconf 89' lang='grc' dir='ltr'><em>ὁρατοῦ</em></span> <span class='ocrx_word' id='word_1_201' title='bbox 464 3069 519 3135; x_wconf 85' lang='grc' dir='ltr'><em>καὶ</em></span> <span class='ocrx_word' id='word_1_202' title='bbox 543 3070 648 3135; x_wconf 86' lang='grc' dir='ltr'><em>ἁπτοῦ</em></span> <span class='ocrx_word' id='word_1_203' title='bbox 672 3069 726 3135; x_wconf 78' lang='grc' dir='ltr'><em>καὶ</em></span> <span class='ocrx_word' id='word_1_204' title='bbox 750 3071 894 3156; x_wconf 80' lang='grc' dir='ltr'><strong><em>ὁράσεως</em></strong></span> <span class='ocrx_word' id='word_1_205' title='bbox 916 3070 970 3136; x_wconf 82' lang='grc' dir='ltr'><em>καὶ</em></span> <span class='ocrx_word' id='word_1_206' title='bbox 989 3071 1086 3155; x_wconf 76' lang='grc' dir='ltr'><strong><em>ἁφῆς,</em></strong></span> 
     </span>
     <span class='ocr_line' id='line_1_25' title="bbox 81 3174 1086 3265; baseline -0.003 -21"><span class='ocrx_word' id='word_1_207' title='bbox 81 3174 129 3244; x_wconf 87' lang='grc' dir='ltr'><em>ὧν</em></span> <span class='ocrx_word' id='word_1_208' title='bbox 157 3180 271 3265; x_wconf 85' lang='grc' dir='ltr'><em>ὅρασις</em></span> <span class='ocrx_word' id='word_1_209' title='bbox 298 3175 359 3262; x_wconf 71' lang='grc' dir='ltr'><em>μὲν</em></span> <span class='ocrx_word' id='word_1_210' title='bbox 386 3179 468 3242; x_wconf 83' lang='grc' dir='ltr'><em>κατὰ</em></span> <span class='ocrx_word' id='word_1_211' title='bbox 495 3176 532 3243; x_wconf 88' lang='grc' dir='ltr'><em>τὸ</em></span> <span class='ocrx_word' id='word_1_212' title='bbox 555 3187 638 3264; x_wconf 80' lang='grc' dir='ltr'><em>πῦρ,</em></span> <span class='ocrx_word' id='word_1_213' title='bbox 662 3177 730 3262; x_wconf 77' lang='grc' dir='ltr'><em>ἁφὴ</em></span> <span class='ocrx_word' id='word_1_214' title='bbox 756 3175 792 3243; x_wconf 73' lang='grc' dir='ltr'><em>δέ</em></span> <span class='ocrx_word' id='word_1_215' title='bbox 815 3181 897 3242; x_wconf 84' lang='grc' dir='ltr'><em>κατὰ</em></span> <span class='ocrx_word' id='word_1_216' title='bbox 919 3180 980 3261; x_wconf 81' lang='grc' dir='ltr'><em>τὴν</em></span> <span class='ocrx_word' id='word_1_217' title='bbox 1002 3177 1086 3261; x_wconf 75' lang='grc' dir='ltr'><em>μῆν’.</em></span> 
     </span>
     <span class='ocr_line' id='line_1_26' title="bbox 144 3279 1130 3370; baseline 0 -22"><span class='ocrx_word' id='word_1_218' title='bbox 144 3282 178 3347; x_wconf 88' lang='grc' dir='ltr'><em>Ὁ</em></span> <span class='ocrx_word' id='word_1_219' title='bbox 205 3281 266 3368; x_wconf 74' lang='grc' dir='ltr'><em>μέν</em></span> <span class='ocrx_word' id='word_1_220' title='bbox 294 3280 356 3349; x_wconf 88' lang='grc' dir='ltr'><em>οὖν</em></span> <span class='ocrx_word' id='word_1_221' title='bbox 389 3288 518 3369; x_wconf 86' lang='grc' dir='ltr'><em>Ταῦρος</em></span> <span class='ocrx_word' id='word_1_222' title='bbox 544 3293 654 3349; x_wconf 87' lang='grc' dir='ltr'><em>ταῦτα.</em></span> <span class='ocrx_word' id='word_1_223' title='bbox 699 3283 754 3349; x_wconf 80' lang='grc' dir='ltr'><em>καὶ</em></span> <span class='ocrx_word' id='word_1_224' title='bbox 783 3284 800 3348; x_wconf 95' lang='lat'>6</span> <span class='ocrx_word' id='word_1_225' title='bbox 826 3286 1023 3370; x_wconf 82' lang='grc' dir='ltr'><em>Πορφύριος</em></span> <span class='ocrx_word' id='word_1_226' title='bbox 1051 3279 1130 3349; x_wconf 71' lang='lat'><em>662⁶</em></span> 
     </span>
     <span class='ocr_line' id='line_1_27' title="bbox 80 3389 1088 3476; baseline -0.001 -21"><span class='ocrx_word' id='word_1_227' title='bbox 80 3391 117 3456; x_wconf 81' lang='grc' dir='ltr'><em>ἐν</em></span> <span class='ocrx_word' id='word_1_228' title='bbox 146 3402 216 3467; x_wconf 83' lang='grc' dir='ltr'><em>τοῖς</em></span> <span class='ocrx_word' id='word_1_229' title='bbox 243 3389 327 3476; x_wconf 85' lang='grc' dir='ltr'><em>πρὸς</em></span> <span class='ocrx_word' id='word_1_230' title='bbox 353 3389 413 3455; x_wconf 89' lang='grc' dir='ltr'><em>τὸν</em></span> <span class='ocrx_word' id='word_1_231' title='bbox 441 3394 579 3475; x_wconf 83' lang='grc' dir='ltr'><em>Τίμαιον</em></span> <span class='ocrx_word' id='word_1_232' title='bbox 605 3391 839 3475; x_wconf 82' lang='grc' dir='ltr'><em>ὑπομνήμασιν</em></span> <span class='ocrx_word' id='word_1_233' title='bbox 871 3389 1088 3474; x_wconf 77' lang='grc' dir='ltr'><em>ἐξηγούμενος</em></span> 
     </span>
     <span class='ocr_line' id='line_1_28' title="bbox 80 3495 1143 3584; baseline 0 -22"><span class='ocrx_word' id='word_1_234' title='bbox 80 3500 119 3561; x_wconf 81' lang='grc' dir='ltr'><em>τὰ</em></span> <span class='ocrx_word' id='word_1_235' title='bbox 141 3501 380 3582; x_wconf 83' lang='grc' dir='ltr'><em>προεκκείμενα</em></span> <span class='ocrx_word' id='word_1_236' title='bbox 402 3502 506 3583; x_wconf 87' lang='grc' dir='ltr'><em>χωρία</em></span> <span class='ocrx_word' id='word_1_237' title='bbox 528 3506 588 3561; x_wconf 88' lang='grc' dir='ltr'><em>τοῦ</em></span> <span class='ocrx_word' id='word_1_238' title='bbox 613 3495 803 3584; x_wconf 52' lang='grc' dir='ltr'><em>Πλάἡτωνος</em></span> <span class='ocrx_word' id='word_1_239' title='bbox 825 3496 879 3562; x_wconf 80' lang='grc' dir='ltr'><em>καὶ</em></span> <span class='ocrx_word' id='word_1_240' title='bbox 902 3498 1009 3562; x_wconf 79' lang='grc' dir='ltr'><em>πολλὰ</em></span> <span class='ocrx_word' id='word_1_241' title='bbox 1027 3513 1143 3554; x_wconf 71' lang='lat' dir='ltr'><strong>101·21⁸v·</strong></span> 
     </span>
     <span class='ocr_line' id='line_1_29' title="bbox 80 3601 1088 3691; baseline -0.001 -23"><span class='ocrx_word' id='word_1_242' title='bbox 80 3605 184 3668; x_wconf 81' lang='grc' dir='ltr'><strong><em>εἰπὼν</em></strong></span> <span class='ocrx_word' id='word_1_243' title='bbox 215 3601 291 3688; x_wconf 83' lang='grc' dir='ltr'><em>περὶ</em></span> <span class='ocrx_word' id='word_1_244' title='bbox 323 3612 383 3667; x_wconf 87' lang='grc' dir='ltr'><em>τοῦ</em></span> <span class='ocrx_word' id='word_1_245' title='bbox 416 3602 451 3667; x_wconf 83' lang='grc' dir='ltr'><em>ἐκ</em></span> <span class='ocrx_word' id='word_1_246' title='bbox 483 3614 550 3668; x_wconf 85' lang='grc' dir='ltr'><em>τῶν</em></span> <span class='ocrx_word' id='word_1_247' title='bbox 581 3604 749 3691; x_wconf 87' lang='grc' dir='ltr'><strong><em>τεσσάρων</em></strong></span> <span class='ocrx_word' id='word_1_248' title='bbox 776 3607 948 3688; x_wconf 81' lang='grc' dir='ltr'><strong><em>στοιχείων</em></strong></span> <span class='ocrx_word' id='word_1_249' title='bbox 974 3606 1088 3686; x_wconf 84' lang='grc' dir='ltr'><em>μόνων</em></span> 
     </span>
    </p>
   </div>
   <div class='ocr_carea' id='block_1_5' title="bbox 69 3862 1028 4015">
    <p class='ocr_par' dir='ltr' id='par_1_5' title="bbox 69 3862 1028 4015">
     <span class='ocr_line' id='line_1_30' title="bbox 150 3862 1028 3939; baseline -0.001 -20"><span class='ocrx_word' id='word_1_250' title='bbox 150 3875 172 3919; x_wconf 75' lang='grc' dir='ltr'><em>ὁ,</em></span> <span class='ocrx_word' id='word_1_251' title='bbox 193 3866 282 3920; x_wconf 79' lang='grc' dir='ltr'><strong><em>ἐκεῖνο</em></strong></span> <span class='ocrx_word' id='word_1_252' title='bbox 301 3872 360 3930; x_wconf 80' lang='grc'><em>620,</em></span> <span class='ocrx_word' id='word_1_253' title='bbox 376 3867 424 3939; x_wconf 76' lang='lat'><em>22]</em></span> <span class='ocrx_word' id='word_1_254' title='bbox 442 3885 550 3931; x_wconf 86' lang='grc' dir='ltr'><strong><em>εκεινος</em></strong></span> <span class='ocrx_word' id='word_1_255' title='bbox 567 3867 598 3923; x_wconf 82' lang='grc' dir='ltr'>Μ</span> <span class='ocrx_word' id='word_1_256' title='bbox 691 3873 739 3922; x_wconf 63' lang='lat'><em>14.</em></span> <span class='ocrx_word' id='word_1_257' title='bbox 756 3868 874 3938; x_wconf 56' lang='lat' dir='ltr'><em>mmm,</em></span> <span class='ocrx_word' id='word_1_258' title='bbox 888 3882 929 3917; x_wconf 65' lang='grc' dir='ltr'><em>οι</em></span> <span class='ocrx_word' id='word_1_259' title='bbox 946 3862 1028 3930; x_wconf 47' lang='grc' dir='ltr'><em>ολδ</em></span> 
     </span>
     <span class='ocr_line' id='line_1_31' title="bbox 69 3935 929 4015; baseline -0.001 -28"><span class='ocrx_word' id='word_1_260' title='bbox 69 3943 110 3988; x_wconf 78' lang='lat'><em>15.</em></span> <span class='ocrx_word' id='word_1_261' title='bbox 131 3937 297 4006; x_wconf 59' lang='lat' dir='ltr'><em>enateplolv,</em></span> <span class='ocrx_word' id='word_1_262' title='bbox 319 3953 353 3990; x_wconf 83' lang='lat' dir='ltr'><em>ex</em></span> <span class='ocrx_word' id='word_1_263' title='bbox 371 3958 401 4007; x_wconf 89' lang='grc' dir='ltr'><em>ω,</em></span> <span class='ocrx_word' id='word_1_264' title='bbox 423 3939 454 3993; x_wconf 91' lang='grc' dir='ltr'><strong>Μ</strong></span> <span class='ocrx_word' id='word_1_265' title='bbox 530 3947 577 3999; x_wconf 78' lang='lat'><em>24.</em></span> <span class='ocrx_word' id='word_1_266' title='bbox 598 3943 631 3998; x_wconf 80' lang='grc' dir='ltr'><strong><em>δε</em></strong></span> <span class='ocrx_word' id='word_1_267' title='bbox 651 3943 699 4015; x_wconf 46' lang='lat'><em>662</em></span> <span class='ocrx_word' id='word_1_268' title='bbox 722 3940 779 4012; x_wconf 57' lang='lat'><em>‘³³6</em></span> <span class='ocrx_word' id='word_1_269' title='bbox 796 3957 877 3993; x_wconf 68' lang='grc' dir='ltr'><em>τοτα</em></span> <span class='ocrx_word' id='word_1_270' title='bbox 890 3935 929 3987; x_wconf 54' lang='lat'><em>6&amp;</em></span> 
     </span>
    </p>
   </div>
   <div class='ocr_carea' id='block_1_6' title="bbox 0 0 1202 4208">
    <p class='ocr_par' dir='ltr' id='par_1_6' title="bbox 0 0 1202 4208">
     <span class='ocr_line' id='line_1_32' title="bbox 0 0 1202 4208; baseline 0 0"><span class='ocrx_word' id='word_1_271' title='bbox 0 0 1202 4208; x_wconf 95' lang='lat' dir='ltr'><em> </em></span> 
     </span>
    </p>
   </div>
  </div>
 </body>
</html>
