2394 4208
10 37 840 348 m

54 546 177 638 xv161'
321 565 370 620 οε
388 565 648 622 mmmm
665 567 786 623 αναοε
999 565 1064 631 587

55 730 76 812 ἡ
100 726 137 794 δέ
160 737 220 793 τοῦ
244 724 329 793 εἶναι
353 731 390 794 τὸ
413 728 624 814 τεταγμένον,
652 733 766 814 φησίν,
793 739 853 795 τοῦ
877 736 962 796 θεοῦ
985 731 1065 813 βού-

55 841 150 919 λησις
172 831 256 919 ὑπὲρ
279 844 341 900 τοῦ
363 837 406 919 μὴ
431 832 517 901 εἶναι
540 835 621 901 αὐτὸ
644 839 749 901 κακόν
770 836 872 920 ἐστιν,
890 841 1004 925 πολλῷ
1027 833 1065 902 δέ

54 944 230 1025 θειότερον
252 940 307 1006 καὶ
330 943 533 1028 οἰκειότερον
554 948 626 1030 θεῷ
649 951 709 1006 τοῦ
732 943 776 1026 μὴ
800 938 885 1008 εἶναι
905 943 942 1007 τὸ
961 943 1065 1008 κακὸν

54 1050 93 1112 τὸ
122 1043 207 1112 εἶναι
235 1049 272 1112 τὸ
301 1047 434 1131 ἀγαθὸν
460 1049 658 1131 βούλεσθαι·
695 1049 792 1132 ὥστε,
820 1052 938 1133 φησίν,
966 1048 1064 1135 καὶὴ

55 1164 116 1219 τοῦ
146 1156 189 1238 μὴ
221 1150 306 1219 εἶναι
335 1155 373 1219 τὸ
404 1156 546 1219 ἄτακτον
574 1156 734 1239 βούλησις
764 1155 821 1220 διὰ
847 1156 884 1219 τὸ
913 1151 999 1221 εἶναι
1026 1158 1063 1221 τὸ
1092 1182 1105 1223 ι

57 1260 189 1342 ἀγαθὸν
222 1255 306 1325 οὖσα
338 1259 524 1346 τελειοτέρα
554 1259 646 1325 ἐστὶν
677 1271 735 1345 τῆς
766 1258 878 1346 ἑτέρας
908 1260 964 1327 καὶ
993 1269 1065 1350 θεῷ

56 1369 272 1450 προσήκουσα
290 1371 426 1451 μᾶλλον.
459 1365 513 1433 καὶ
533 1364 635 1432 οὐδέν
653 1363 714 1451 μέν
729 1373 808 1444 ἴσως
820 1367 901 1452 ἡμῖν
915 1373 1066 1434 συντελεῖ

57 1472 113 1536 διό
130 1496 165 1536 τε
184 1474 221 1537 τὸ
244 1475 290 1551 ὡς
311 1473 348 1538 ἐν
365 1473 528 1539 ὑποθέσει
550 1474 616 1539 ὑπὸ
639 1483 700 1539 τοῦ
724 1477 882 1558 Πρόκλου
905 1475 1065 1558 γυμνάζε-

56 1586 139 1643 σθαι
162 1581 222 1644 τὸν
244 1583 348 1663 λόγον
371 1579 426 1646 καὶ
449 1581 512 1665 ἤδη
535 1581 619 1667 πρὸς
641 1581 737 1664 ἡμῶν
759 1579 1004 1665 όπεληλέγχθαι
1026 1582 1064 1646 τὸ

55 1690 276 1770 προκείμενον
304 1686 498 1773 ἐπιχείρημα
524 1687 544 1771 ἡ
568 1690 697 1753 τούτων
721 1685 873 1765 ἐξέτασις.
918 1687 1006 1772 ὅμως
1030 1686 1060 1751 δ’
1079 1714 1106 1753 ιο

55 1787 119 1857 οὖν
147 1791 299 1877 ἐροῦμεν,
327 1793 371 1871 ὡς
399 1794 460 1859 οὐκ
488 1794 634 1878 εὐλόγως
656 1803 759 1858 ταῦτα
783 1798 935 1877 φαίνεται
959 1791 1066 1876 λέγων

56 1898 75 1963 ό
99 1903 295 1984 φιλόσοφος.
342 1902 371 1966 εἰ
394 1902 457 1986 γὰρ
481 1901 566 1978 ὅλως
590 1900 627 1965 ἐν
649 1899 810 1966 ὑποθέσει
839 1901 901 1966 δύο
925 1902 982 1977 τὰς
1005 1910 1065 1965 τοῦ

55 2011 142 2070 θεοῦ
164 2008 342 2091 βουλήσεις
365 2001 451 2071 εἶναι
474 2010 751 2092 συγχωρήσωμεν,
773 2010 886 2094 πολλῷ
909 2003 1066 2091 θειοτέρα

56 2114 147 2176 ἔσται
171 2111 191 2194 ἡ
214 2120 274 2175 τοῦ
299 2107 384 2175 εἶναι
408 2111 445 2175 τὸ
468 2111 670 2196 τεταγμένον
687 2113 847 2196 βούλησις
865 2121 923 2196 τῆς
940 2121 1001 2177 τοῦ
1020 2113 1065 2196 μὴ

55 2212 142 2281 εἶναι
172 2218 209 2281 τὸ
240 2219 382 2282 ἄτακτον
414 2215 458 2281 δι’
487 2217 590 2283 αὐτὸν
617 2219 677 2282 τὸν
706 2217 955 2303 ἀποδεδομένον
983 2217 1060 2304 παρ’
1079 2244 1106 2286 ιο

56 2323 160 2387 αὐτοῦ
184 2333 244 2388 τοῦ
269 2326 428 2409 Πρόκλου
453 2327 693 2408 συλλογισμόν·
717 2324 856 2390 ἕκαστον
876 2326 939 2411 γὰρ
959 2326 1010 2391 δελ
1029 2324 1065 2391 ἐκ

54 2440 113 2513 τῆς
137 2430 238 2514 αὐτῆς
262 2431 365 2495 αὐτοῦ
389 2434 517 2516 κρίνειν
540 2432 674 2515 φύσεως
695 2429 831 2518 μᾶλξλον
849 2430 905 2497 καὶ
924 2432 985 2497 οὐκ
1008 2449 1117 2491 tomba

56 2536 92 2601 ἐκ
116 2548 182 2601 τῶν
204 2537 451 2623 παρεπομένων.
498 2539 528 2602 ελ
551 2532 614 2602 οὖν
636 2539 674 2603 τὸ
698 2535 760 2622 μέν
782 2541 924 2604 ἄτακτον
951 2541 1064 2623 κακόν,

54 2646 93 2708 τὸ
118 2641 155 2709 δέ
178 2644 378 2727 τεταγμένον
401 2644 547 2727 ἀγαθόν,
570 2643 590 2727 ἡ
615 2646 679 2728 όὶρα
701 2654 761 2709 τοῦ
785 2640 930 2710 εἶναιτὸ
954 2669 1066 2729 τεταγ-

53 2751 158 2835 μένον
195 2752 354 2834 βούλησις
392 2750 538 2815 αὐτόθεν
573 2746 635 2833 μέν
671 2752 811 2836 αἱρεῖται
848 2753 885 2816 τὸ
922 2751 1065 2837 ἀγαθόν,
1079 2778 1107 2818 ιο

56 2857 220 2940 ἑπόμενον
250 2854 286 2921 δέ
317 2860 382 2941 ἔχει
411 2858 449 2922 τὸ
479 2857 663 2940 βούλεσθαι
694 2858 738 2941 μὴ
768 2853 854 2923 εἶναι
881 2860 919 2923 τὸ
948 2862 1065 2924 κακόν·

56 2965 123 3046 ἅμα
146 2964 209 3048 γὰρ
233 2959 319 3027 εἶναι
342 2964 379 3028 τὸ
404 2962 536 3046 ἀγαθὸν
558 2960 614 3027 καὶ
637 2963 674 3027 τὸ
697 2965 801 3028 κακὸν
824 2963 1003 3048 ἀμήχανον.
1043 2965 1063 3050 ἡ

57 3067 93 3134 δέ
124 3078 184 3134 τοῦ
214 3070 258 3152 μὴ
289 3064 374 3133 εἶναι
405 3069 442 3132 τὸ
474 3070 615 3133 ἄτακτον
641 3068 802 3151 βούλησις
829 3070 975 3135 αὐτόθεν
1003 3067 1066 3155 μέν

56 3181 121 3261 ἔχει
145 3177 182 3240 τὸ
205 3176 390 3257 βούλεσθαι
413 3177 457 3259 μὴ
481 3170 567 3239 εἶναι
590 3174 627 3238 τὸ
652 3176 765 3258 κακόν,
785 3172 948 3259 ἑπόμενον
971 3172 1008 3240 δέ
1026 3178 1064 3242 τὸ

54 3285 240 3367 βούλεσθαι
273 3277 358 3346 εἶναι
389 3282 426 3345 τὸ
460 3280 600 3364 ἀγαθόν.
653 3282 751 3365 ὥστε,
788 3283 817 3346 εἰ
855 3280 995 3366 ἑκάστην
1032 3281 1106 3361 ἐξιε

54 3390 157 3474 αὐτῆς
180 3392 428 3474 χαρακτηρίζειν
451 3388 503 3453 δεῖ
525 3391 652 3471 μᾶλλον
675 3385 730 3452 καὶ
752 3390 797 3472 μὴ
817 3387 852 3452 ἐκ
870 3398 931 3453 τοῦ
950 3387 1066 3473 ἑπομέ-

55 3521 130 3580 νου,
153 3496 299 3560 αὐτόθεν
322 3499 480 3579 κρείττων
502 3492 557 3559 καὶ
574 3491 731 3578 θειοτέρα
749 3497 840 3559 ἔσται
859 3495 879 3578 ἡ
899 3504 959 3560 τοῦ
978 3492 1065 3561 εἷναι

54 3605 92 3667 τὸ
120 3601 320 3685 τεταγμένον
346 3601 507 3684 βούλησις
531 3609 590 3684 τῆς
613 3597 725 3685 ἑτέρας
746 3610 804 3685 τῆς
826 3610 887 3666 τοῦ
909 3603 953 3685 μὴ
978 3598 1064 3667 εἶναι

129 3800 169 3848 12.
193 3793 256 3848 fort.
281 3794 359 3866 <ὡς>
384 3792 414 3848 ἐν
524 3798 565 3846 16.
588 3794 633 3847 δεῖ
654 3791 683 3845 in
706 3809 767 3846 mar
789 3838 794 3848 .
818 3793 910 3862 suppl.
932 3794 962 3846 M
984 3799 1074 3855 (am,

55 3871 138 3933 ζητει)
247 3870 287 3919 17,
308 3865 394 3932 αὐτῆς
411 3866 574 3935 suspectum
592 3869 731 3936 λόῡῌξν.
760 3810 793 3929 ἐξ
810 3865 901 3933 εαυτῆς
926 3866 1018 3915 αὀτοὶα
1035 3867 1094 3920 τῖε.

48 3936 167 4001 φυσεις,
189 3935 221 3987 ef.
237 3941 280 4003 οε,
296 3941 337 3990 ει.
358 3940 403 4006 οο,
418 3940 446 4007 ι)
