2394 4208
69 562 159 634 XVII]
337 564 385 618 DE
404 562 662 619 AETERNITATE
680 562 802 619 MVNDI
1014 562 1076 627 591

71 728 131 790 τὸν
153 725 208 792 καλ
231 729 410 812 ἄφθαρτον
431 730 540 812 ἤγουν
562 726 739 792 ἀνάπαλιν·
763 724 833 791 ἄλλ’
852 727 929 792 οὔτε
949 726 966 792 ὁ
984 749 1080 810 ποιη·

33 907 38 915 ,
71 835 128 916 τὴς
155 836 269 917 κακός,
296 834 380 900 ὥστε
408 833 448 898 οὐ
477 834 634 921 φθαρτὸν
660 834 697 898 τὸ
724 833 935 919 τεταγμένον,
957 837 1027 918 καί,
1051 833 1080 898 ελ

72 941 107 1005 ἐκ
139 949 199 1005 τοῦ
232 939 373 1006 ἀτάκτου
405 941 443 1005 τὸ
480 938 693 1024 τεταγμένον,
730 940 793 1005 οὐκ
828 942 1006 1026 ἄφθαρτον
1041 940 1079 1004 τὸ

72 1050 226 1112 ἄτακτον·
250 1047 291 1112 οὐ
315 1049 377 1133 γὰρ
402 1051 493 1113 ἔστιν
515 1056 575 1112 τοῦ
598 1045 798 1130 τεταγμένου
822 1049 932 1124 ὄντος·
952 1045 958 1134 Ι
978 1045 999 1130 ἢ
1021 1063 1136 1104 10¹·240v·

73 1153 229 1240 ἑκάτερον
251 1154 393 1238 γενητὸν
414 1151 470 1218 καὶ
494 1156 661 1238 φθαρτόν·
698 1151 769 1217 ἀλλ’
792 1159 856 1218 εἴτε
879 1153 1020 1237 γενητὸν
1042 1154 1079 1218 τὸ
1108 1178 1122 1219 ι

72 1264 224 1344 ἄτακτον,
248 1259 283 1324 ἐκ
305 1269 366 1325 τοῦ
389 1258 589 1344 τεταγμένου
613 1258 761 1344 γέγονεν,
785 1265 850 1324 είτε
869 1261 1025 1346 φθαρτὸν
1042 1261 1080 1326 τὸ

73 1366 283 1452 τεταγμένον,
312 1366 329 1432 ὁ
358 1370 512 1451 φθείρων
534 1367 572 1431 τὸ
595 1363 720 1451 ταχθέν
741 1365 761 1450 ἢ
786 1365 827 1431 οὐ
850 1370 957 1443 καλῶς
980 1368 1081 1453 ἥρμο-

73 1495 131 1540 σεν
160 1473 216 1540 καλ
246 1473 308 1538 οὐκ
338 1473 466 1557 ἀγαθὸς
495 1472 514 1556 ἢ
546 1476 680 1558 φθείρει
710 1474 748 1537 τὸ
776 1476 883 1550 καλῶς
911 1470 1082 1559 ἄρμοσθὲν

72 1580 127 1646 καὶ
151 1584 243 1647 ἔστιν
264 1583 372 1656 κακός.
417 1587 520 1644 ταῦτα
542 1575 580 1644 δὲ
602 1578 710 1644 πάντα
732 1577 888 1644 ἀδύνατα
934 1578 996 1644 οὐκ
1019 1581 1082 1664 ἄρα

74 1692 164 1753 ἔστιν
186 1689 250 1773 πρὸ
274 1695 335 1751 τοῦ
357 1684 558 1770 τεταγμένου
582 1687 619 1750 τὸ
643 1688 792 1751 ἄτακτον.
835 1685 997 1770 ἄγένητον
1019 1687 1083 1770 ἄρα
1097 1710 1124 1751 ιο

74 1796 110 1859 τὸ
134 1792 334 1879 τεταγμένον
357 1792 457 1877 ἐστίν,
480 1795 637 1871 ὡσαύτως
659 1791 714 1858 καὶ
738 1793 947 1879 ἄφθαρτον.”

233 1990 409 2073 Κεφᾶλαια
432 1999 489 2073 τῆς
512 1989 638 2065 λύσεως
660 1997 720 2053 τοῦ
744 1987 790 2068 ιζ’
809 1991 923 2071 λόγου.

141 2112 183 2178 α’.
207 2112 277 2178 Ὅτι
309 2115 346 2178 τὸ
379 2117 599 2198 προκείμενον
630 2110 676 2192 ιζ’
709 2111 901 2197 ἐπιχείρημα
932 2114 969 2179 τὸ
1001 2112 1082 2178 αὐτό

75 2220 164 2286 ἐστιν
192 2228 237 2308 τῷ
266 2219 355 2309 ἕκτφ.
401 2218 456 2285 καὶ
483 2223 533 2297 τίς
560 2219 580 2302 ἡ
608 2220 691 2304 πρὸς
723 2219 830 2284 ἐκεῖνο
860 2221 981 2285 τούτου
1012 2220 1083 2284 θια-

74 2329 172 2413 φορᾶ.
236 2325 290 2391 καὶ
331 2329 381 2404 τίς
421 2327 441 2410 ἡ
484 2325 521 2391 ἐν
561 2324 701 2413 ἑκατέρῳ
741 2336 809 2390 τῶν
850 2331 1084 2411 συλλογισμῶν
1098 2347 1126 2390 ιε

73 2433 195 2518 ἄγωγή.

141 2539 184 2623 β’.
209 2538 279 2605 Ὅτι
307 2548 353 2628 τῷ
384 2538 465 2627 ἕκτῳ
498 2537 553 2604 καλ
582 2540 619 2603 τὸ
649 2542 870 2624 προκείμενον
900 2541 1085 2623 συνατιελή-

76 2652 216 2732 λεγκται.
252 2645 307 2711 καὶ
331 2647 495 2730 σύντομος
517 2656 585 2710 τῶν
608 2644 645 2710 έν
667 2644 782 2734 έκείνφ
802 2645 984 2732 εἰρημένων
1007 2644 1085 2710 ἄνα-

75 2758 312 2839 κεφαλαίοισις,
350 2753 400 2818 ὅτι
432 2760 478 2840 τῷ
510 2753 592 2816 κατὰ
624 2753 729 2835 φύσιν
761 2751 924 2842 ἄφθᾶρτφ
955 2750 1010 2817 καὶ
1043 2751 1084 2817 οὐ

76 2870 121 2948 τῷ
164 2861 338 2944 ἐπίκτητον
376 2861 437 2942 τὴν
473 2859 668 2944 ἀφθαρσίαν
704 2861 812 2944 ἔχοντι
848 2860 885 2924 τὸ
923 2858 1085 2943 ἀγένητον
1098 2882 1127 2921 ιο

75 2968 194 3033 ἕπεται.

143 3073 186 3158 γ’.
211 3071 281 3140 Ὅτι
310 3073 391 3138 ὅσον
419 3072 454 3138 έκ
477 3082 545 3136 τῶν
569 3073 750 3150 Πλάτωνος
772 3070 892 3150 λέξεων
914 3073 981 3137 ἔθει
1004 3077 1085 3156 μᾶλ-

77 3185 138 3244 λον
166 3179 201 3244 ἐκ
228 3187 289 3245 τοῦ
317 3180 458 3263 γενητὸν
485 3177 642 3262 λέγεσθαι
670 3179 729 3243 τὸν
756 3181 882 3262 κόσμον
904 3178 970 3243 ὑπὸ
995 3179 1085 3242 Πλᾶ-

77 3311 182 3363 τωνος
205 3289 475 3369 συλλογίζεσθαι,
504 3285 555 3350 ὅτι
577 3284 640 3349 οὐκ
662 3285 836 3370 ἄφθαρτος
864 3284 946 3349 ἀλλὰ
974 3290 1085 3370 φθαρ-

76 3396 147 3477 τός,
174 3392 194 3476 ἢ
224 3391 260 3457 ἐκ
286 3401 346 3457 τοῦ
375 3390 485 3474 λέγειν
512 3394 556 3476 μὴ
584 3394 788 3477 φθείρεσθαι
816 3391 920 3456 αὐτὸν
942 3391 978 3456 τὸ
1002 3387 1128 3475 μηδὲν

78 3499 250 3584 γεγονέναι
274 3500 441 3583 συνάγειν.

149 3699 173 3746 5.
193 3689 252 3746 ἀλλ’
269 3695 337 3748 τιτλε
357 3691 390 3745 cf.
410 3707 474 3761 pag.
490 3695 598 3758 602,13
671 3697 695 3744 7.
715 3691 749 3745 cf
769 3690 841 3746 Plat
861 3690 931 3745 Tim
950 3690 1014 3742 41ss

79 3804 120 3854 13
140 3818 243 3853 ιαυτον
261 3795 305 3850 Mb
414 3802 508 3852 17.18.
528 3765 960 3906 σονατιεληλεκταιμῦίοῑυε
951 3797 1024 3861 N&

80 3876 120 3923 18.
140 3869 171 3924 ἐν
191 3888 241 3924 om
261 3869 306 3922 M·
413 3874 454 3924 18
468 3875 509 3924 19.
530 3869 814 3941 avanetpaummgm
919 3871 971 3916 ‘N
990 3862 1076 3924 ⁸²³³th
1058 3857 1124 3917 NT&

71 3959 120 3992 τον
136 3940 182 3990 ,ΠΙ
271 3944 312 3994 24
330 3946 371 3997 25.
392 3943 572 4018 φθαρτολςλ,
591 3960 678 4015 σιν,
692 3942 743 3997 M
