2394 4208
67 544 144 598 xvn
158 552 182 599 ε.
198 547 226 617 ι]
332 545 381 600 ΒΕ
400 543 657 601 ΑΕΤΕΒΝΙΤΑΤΕ
675 545 796 601 MVNDI
975 550 981 559 '
1009 544 1071 610 601

69 709 184 772 ἄλυτοι
208 709 245 771 τὸ
268 709 417 792 πάμπαν·
441 695 513 773 οὔτε
535 703 597 792 μὲν
620 709 660 792 δὴ
685 711 878 793 λυθῆσεσθε
901 706 980 774 οὐδὲ
1002 709 1075 773 τεό-

71 813 167 892 ξεσθε
195 816 345 880 θανάτου
373 818 591 900 μοίρας,.τῆς
614 814 692 899 ἐμῆς
714 817 904 900 βουλήσεως
925 819 1075 901 μείζονος

70 923 117 985 ἐτι
144 919 199 985 καὶ
227 919 430 1008 κυριωτέρου
454 921 578 1005 δεσμοῦ
601 924 756 1006 λαχόντες
779 921 924 1007 ἐκείνων,
948 914 998 1000 οἷς
1022 923 1075 988 ὅτε

71 1026 223 1110 ἐγίνεσθε
253 1028 471 1093 συνεθελσθε’.
516 1026 615 1092 ταύτὸ
645 1023 681 1091 δὲ
708 1036 807 1093 τοῦτο
830 1027 893 1093 κάν
915 1036 961 1116 τῷ
984 1032 1076 1093 πολι-

70 1142 150 1220 τικῷ
173 1132 248 1219 περὶ
270 1141 330 1197 τοῦ
349 1133 471 1209 παντὸς
490 1132 636 1218 οὐρανοῦ
656 1130 861 1219 διεξέρχεται.
898 1133 1076 1199 ἐπινοεῖται
1103 1159 1118 1200 ι

72 1240 134 1324 γάρ
158 1263 204 1322 τι,
227 1237 290 1304 κάν
313 1240 342 1303 εί
365 1237 514 1323 γε’γονεν,
537 1238 624 1322 ὅμως
647 1239 688 1304 οὐ
707 1242 979 1324 φθαρησόμενόν·
1003 1231 1078 1306 οἷον

71 1346 91 1429 ῆ
123 1357 191 1410 τῶν
219 1346 490 1429 Λακεδαιμονίων
521 1347 617 1422 πόλις
647 1347 676 1410 εί
705 1347 812 1430 τύχοι·
848 1346 985 1432 ἐγχωρεῖ
1014 1349 1077 1430 γάρ

72 1452 176 1534 αὐτὴν
207 1459 380 1538 φθαρῆναι
412 1449 590 1535 μηδέποτε,
625 1455 733 1516 καίτοι
769 1462 836 1516 τῶν
868 1453 948 1517 κατὰ
979 1453 1078 1539 μέρος

72 1560 188 1622 οἰκιῶν
215 1557 351 1623 ἁπασῶν
377 1561 581 1643 φθείρεσθαι
609 1559 714 1642 φύσιν
742 1558 899 1642 ἐχουσῶν,
928 1558 1010 1623 ἀλλά
1032 1567 1078 1645 τῷ

73 1665 240 1729 δύνασθαι
267 1666 349 1729 κατὰ
375 1667 482 1750 βραχὺ
511 1667 666 1748 γίνεσθαι
688 1665 750 1748 τὴν
773 1663 1004 1752 ἐπανόρθωσιν
1028 1664 1078 1730 ἐν·
1093 1691 1120 1731 ιο

74 1770 200 1854 θέχεται
222 1772 266 1855 μῆ
290 1778 463 1856 φθαρῆναι
485 1771 523 1835 τὸ
547 1771 687 1855 σύμπαν.
729 1771 769 1835 οὐ
792 1773 898 1855 μόνον
921 1769 959 1855 δέ
980 1773 1080 1836 πόλιν

74 1876 179 1953 οὕτως
214 1877 359 1941 δυνατὸν
396 1878 573 1963 ἄφθαρτον
609 1876 755 1942 ε’πινοελν
791 1876 874 1941 ἀλλά
909 1875 964 1942 καὶ
1000 1881 1080 1962 μίαν

74 1984 198 2066 οἰκίαν,
226 1984 255 2047 εί
282 1984 319 2047 τὸ
349 1992 499 2067 πονῆσαν
522 1982 622 2067 αὐτῆς
645 1982 905 2069 ἐπανορθώσεως
929 1981 1080 2049 ἑκάστοτε

74 2090 240 2172 τυγχάνοι.
286 2091 368 2153 κατὰ
390 2091 493 2172 λόγον
516 2083 589 2172 οὖν,
613 2091 642 2153 εἰ
663 2086 725 2173 μὲν
747 2089 908 2174 ἀγένητόν
930 2114 976 2175 τι,
999 2091 1080 2155 πάν-

75 2219 136 2272 τως
164 2194 219 2260 καὶ
247 2197 434 2282 ἄφθαρτον,
462 2196 491 2259 ελ
519 2191 556 2260 δὲ
579 2197 767 2283 ἄφθαρτον,
795 2196 856 2262 οὐκ
880 2194 912 2274 ἐξ
936 2195 1081 2281 ἀνάγκης
1094 2222 1122 2264 ιε

75 2300 256 2384 ἀγένητονῖ
303 2313 417 2385 σαφῶς
449 2302 513 2387 ἄρα
543 2300 599 2366 καὶ
632 2297 729 2381 οὗτος
761 2303 779 2369 ὁ
812 2303 895 2391 ἀνὴρ
929 2304 1005 2369 οὔτε
1035 2312 1081 2391 τῷ

76 2407 230 2471 ὁπωσοῦν
258 2407 420 2495 ἀφθάρτῳ
450 2408 487 2472 τὸ
518 2407 679 2492 ἀγένητον
709 2405 800 2474 εἶπεν
829 2409 968 2475 ἕπεσθαι
999 2409 1082 2475 ἀλλά

76 2522 121 2599 τῷ
149 2510 232 2597 μηδὲ
258 2515 318 2579 τὸν
345 2517 449 2597 λόγον
471 2524 528 2598 τῆς
551 2520 685 2601 φθορᾶς
708 2518 816 2600 ἔχοντι
839 2514 894 2580 καὶ
919 2517 1082 2582 Πλάτωνα

76 2619 162 2683 οὕτω
185 2621 246 2703 τὴν
270 2620 464 2706 ἀφθαρσίαν
487 2620 618 2687 θιδόναι
641 2621 853 2705 ὡμολόγηκεν
874 2631 921 2711 τῷ
940 2623 1081 2710 οὐρανῷ.

77 2725 159 2790 ἀλλά
181 2725 257 2811 περὶ
279 2723 341 2811 μὲν
364 2727 492 2792 τούτων
515 2729 587 2804 ἄλις
609 2727 790 2793 κάνταῦθα.
1096 2755 1124 2794 ιο

144 2830 184 2905 ς’.
212 2830 270 2896 Ἐν
302 2829 339 2898 δὲ
371 2843 441 2910 τοῖς
474 2830 546 2916 ἑξῆς
577 2834 689 2916 λαβὼν
719 2835 821 2899 πάλιν
848 2834 866 2901 ό
895 2838 1083 2920 φιλόσοφος

76 2940 165 3023 παρά
189 2939 368 3015 Πλάτωνος
395 2941 432 3002 τὸ
461 2938 496 3003 ἐκ
523 2947 583 3003 τοῦ
611 2939 752 3011 ἀτάκτου
776 2941 949 3024 γεγονέναι
971 2943 1009 3007 τὸ
1032 2966 1083 3007 τε·

76 3042 240 3128 ταγμένον
268 3045 367 3121 αὐτὸς
393 3049 624 3130 προστίθησιν,
653 3045 703 3111 ότι
731 3044 786 3111 καὶ
810 3031 971 3130 ἀγένητόν
994 3047 1084 3113 ἐστιν

67 3152 113 3238 ,τὸ
138 3152 288 3233 ἄτακτον,
314 3152 494 3228 Πλάτωνος
517 3146 596 3215 οὐδὲ
620 3151 670 3215 ότι
695 3153 834 3236 γενητὸν
853 3153 917 3218 οὐδ
940 3154 991 3219 ὅτι
1009 3152 1083 3237 ἀγέ-

78 3281 180 3340 νητον
203 3259 361 3335 εἰπόντος.
407 3253 477 3323 εἶτα
500 3260 740 3341 συλλογίζεται,
764 3259 814 3323 ότι
836 3257 892 3324 καὶ
914 3262 1083 3346 φθαρτόν·
1097 3285 1124 3327 ιε

78 3367 107 3430 εί
131 3367 193 3450 γάρ
218 3364 253 3429 ἐκ
275 3373 335 3429 τοῦ
359 3363 500 3429 ἀτάκτου
522 3364 561 3437 τὸ
584 3363 783 3448 τεταγμένον
800 3364 949 3449 γέγονεν,
967 3375 1028 3431 τοῦ
1047 3363 1083 3430 ἀὲ

76 3470 277 3555 τεταγμένου
301 3472 398 3547 ὄντος
421 3470 482 3534 οὐκ
501 3467 601 3556 ἔῆστιν
619 3470 655 3535 τὸ
675 3471 827 3555 ἄτακτον,
846 3474 1002 3557 φθαρτὸν
1024 3488 1064 3530 101.
1074 3489 1138 3531 2⁶11·

78 3579 141 3661 ἄρα
160 3579 250 3641 ἔσται
268 3577 305 3641 τὸ
325 3577 472 3642 ἄτακτον.
510 3577 592 3642 ὥστε
612 3575 773 3660 ἀγένητόν
791 3576 881 3643 ἐστιν
898 3576 954 3643 καὶ
972 3585 1083 3664 φθαρ-

151 3845 173 3891 1.
192 3836 350 3904 λυθῆσεσθί
367 3857 398 3908 γε
417 3838 488 3892 Plat.
544 3844 568 3893 3.
588 3840 691 3910 θεσμοθ
709 3830 936 3911 φοετέτιῖλάι.
992 3832 1118 3887 αὖ.

76 3907 146 3961 Pht,
162 3908 270 3975 politic.
291 3909 380 3965 2691).
403 3910 485 3966 273ss
562 3917 607 3968 11.
625 3912 745 3988 ῆοθῆὶό
