2394 4208
680 59 685 68 v

69 579 109 634 ιο
123 580 151 651 ι]
338 576 386 632 ου
404 575 660 633 mmmm
677 575 798 631 υνυυι
1004 575 1069 639 411

68 753 107 829 τῇ
131 743 219 827 ολκίφ
241 738 296 805 καί
318 749 358 826 τῇ
381 738 437 823 νηὶ
460 738 570 805 οὐκέτι
592 740 614 824 ἡ
638 739 718 822 αὕτη
745 737 967 823 ὑποβέβληται
993 739 1071 822 ὕλη·

67 850 245 933 μεταβάλοι
273 847 335 933 γάρ
364 844 406 910 ἀν
433 846 453 929 ἡ
481 854 564 923 ναῦς
591 847 638 923 ελς
664 849 783 929 κλίνην
804 843 860 910 καὶ
882 845 995 930 θὺραν
1016 843 1072 909 καὶ

67 954 130 1018 ὅσα
153 953 189 1018 έκ
211 950 320 1029 ξύλων
343 950 543 1036 συνέστηκεν
572 950 627 1017 καί
649 953 669 1036 ἡ
694 954 782 1017 οἰκία
804 954 852 1028 εἰς
874 949 1020 1037 θέατρον
1043 951 1072 1016 εί

68 1061 163 1144 τύχοι
195 1059 250 1124 καὶ
283 1059 344 1124 ὅσα
376 1058 412 1123 έκ
443 1063 552 1124 λίθων
583 1062 708 1142 γίνεται
740 1059 797 1123 διὰ
827 1058 864 1122 τὸ
893 1056 1007 1142 μένειν
1033 1058 1071 1122 τὸ

65 1166 289 1249 ὑποκείμενον
311 1162 366 1229 καὶ
388 1166 450 1249 την
471 1165 558 1249 ὕλην
580 1163 805 1249 ἀμετάβλητον
826 1165 944 1248 κοινὴν
959 1159 1073 1230 ὀὑσαν
1099 1187 1113 1229 ε

68 1284 135 1337 τῶν
171 1270 354 1358 εἰρημένων
389 1271 537 1354 πάντων,
577 1275 692 1355 κλίνης
726 1267 788 1354 μέν
824 1272 853 1335 εί
887 1271 981 1355 τύχοι
1018 1270 1073 1336 καὶ

66 1380 187 1442 πλοίου
213 1381 254 1442 τὰ
281 1376 378 1462 ξύλα,
404 1377 550 1462 θεάτρου
579 1373 693 1442 δὲκαὶ
721 1383 816 1442 οίκον
839 1379 918 1453 τοὺς
940 1380 1073 1454 λίθους·

67 1483 179 1549 οὐκέτι
201 1483 315 1568 μέντοι
339 1485 386 1561 είς
410 1484 541 1567 λμάτιον
562 1483 780 1568 μεταβάλλειν
801 1484 862 1566 την
885 1484 994 1549 οἰκίαν
1021 1483 1073 1549 έν-

69 1589 209 1674 ὑέχεται·
246 1591 266 1674 ἡ
295 1592 358 1677 γάρ
385 1590 448 1674 ὕλη
479 1600 537 1674 τῆς
566 1613 601 1655 τε
631 1592 737 1667 ολκίας
766 1588 820 1655 καὶ
849 1600 911 1655 τοῦ
941 1592 1072 1675 ἱματίου

68 1697 240 1782 διάφορος.
277 1694 378 1763 οὐδέν
397 1699 461 1784 ἀρα
478 1698 694 1781 μεταβάλλειν
712 1698 760 1774 είς
782 1695 895 1783 ἕτερόν
917 1720 948 1761 τι
972 1698 1073 1781 ἀννή-
1086 1719 1114 1758 ιο

68 1822 160 1868 σεται
179 1805 222 1887 μη
241 1813 319 1887 μιᾶς
336 1804 391 1869 καὶ
409 1814 467 1887 τῆς
485 1803 586 1887 αὐτῆς
604 1803 730 1888 ἀμφοῖν
747 1802 965 1887 ὑποκειμένης
982 1803 1073 1886 ὕλης.

68 1911 178 1995 ὥσπερ
218 1905 281 1975 οὖν
322 1909 469 1975 ἐνταῦθα
506 1908 558 1975 έπλ
595 1921 661 1974 τῶν
696 1920 875 1995 τεχνητῶν,
917 1909 978 1974 ὅσα
1012 1905 1074 1992 μέν

68 2015 197 2100 ὑμόῦλά
220 2016 320 2101 ἑστιν,
343 2009 417 2082 οἷον
439 2017 481 2080 τὰ
503 2016 538 2080 έκ
561 2020 684 2100 χαλκοῦ
707 2016 994 2103 δημιουργήματα,
1017 2015 1074 2080 διὰ

67 2123 106 2186 τὸ
130 2126 211 2205 μίαν
233 2121 287 2187 καὶ
311 2125 372 2206 την
395 2123 500 2206 αὐτὴν
521 2132 581 2187 τοῦ
605 2127 728 2208 χαλκοῦ
749 2122 834 2206 ὕλην
857 2122 970 2199 αὑτοῖς
992 2123 1074 2188 ὑπο-

68 2235 201 2293 κεῖσθαι
220 2231 348 2294 ἅπαντα
365 2230 581 2312 μεταβάλλειν
600 2230 648 2306 είς
665 2230 790 2313 ἀλληλα
809 2230 949 2294 δύναται
970 2229 1073 2295 αὑτοῦ
1087 2250 1114 2293 ιι

65 2343 128 2399 τοῦ
156 2339 279 2418 χαλκοῦ
307 2333 344 2398 έν
370 2345 410 2420 τῇ
437 2338 601 2422 μεταβολῇ
627 2345 666 2422 τῇ
690 2334 825 2400 ἐκείνων
848 2335 1073 2420 ἀμεταβλήτου

67 2439 227 2525 μένοντος
250 2442 331 2505 κατὰ
353 2441 414 2505 τὸν
438 2444 527 2507 ῖδιον
549 2452 607 2527 της
630 2443 762 2526 φύσεως
784 2444 897 2526 λόγον,
915 2443 956 2506 τά
975 2439 1011 2507 δὲ
1029 2443 1073 2525 μὴ

68 2546 197 2629 ὁμόὺλα
220 2548 267 2623 εἰς
290 2549 414 2632 ἄλληλα
436 2549 653 2632 μεταβάλλειν
675 2548 716 2613 οὑ
739 2549 892 2632 δύναται,
911 2548 997 2613 οὕτω
1016 2548 1074 2632 δή·

67 2659 211 2737 πουθεν,
235 2655 264 2718 ελ
287 2655 331 2737 μὴ
354 2658 412 2737 μία
434 2677 484 2731 τις
507 2656 630 2720 ἅπασιν
653 2665 722 2732 τοῖς
745 2665 902 2738 φυσικοῖς
925 2656 1075 2739 σώμασιν

66 2759 133 2842 ὕλη
157 2758 308 2825 ὑπέκειτο
337 2760 557 2844 άμετάβλητος
584 2761 665 2844 αὐτη
693 2759 919 2845 ὑπομένουσα,
947 2760 1009 2825 οὐκ
1031 2759 1074 2824 ἀν
1087 2785 1115 2826 το

67 2867 198 2930 ἅπαντα
228 2867 269 2930 τά
300 2868 428 2950 φυσικά
459 2868 591 2950 σώματα
627 2867 822 2950 μεταβάλλει
858 2868 905 2943 είς
941 2868 1074 2950 ἀλληλα.

67 2976 150 3055 μίαν
172 2974 237 3057 ἀρα
259 2971 313 3038 καί
336 2974 454 3057 κοινὴν
477 2968 563 3037 εἶναι
585 2973 720 3037 πάντων
741 2983 809 3036 τῶν
831 2983 985 3056 φυσικῶν
1012 2991 1075 3038 σω-

68 3079 182 3163 μάτων
209 3080 270 3162 την
292 3079 378 3163 ὕλην
401 3079 536 3163 ἀνάγκη.
581 3077 636 3142 καὶ
658 3079 767 3163 ὥσπερ
792 3077 809 3143 ὁ
833 3079 952 3163 χαλκὸς
975 3078 1075 3156 αὐτὸς

66 3184 144 3249 καθ’
165 3185 267 3249 αὑτὸν
286 3184 525 3269 ἀσχημάτιστός
548 3183 639 3250 ἐστιν
659 3180 765 3268 μηδὲν
786 3194 895 3268 σχῆμα
916 3195 993 3268 τῶν,
1012 3184 1075 3249 ὕσα

70 3289 211 3374 δέχεται,
235 3293 511 3376 συμπληρωτικὸν
532 3302 591 3377 της
615 3292 701 3368 ἰδίας
720 3293 804 3375 έχων
821 3292 968 3375 φύσεως,
987 3290 1074 3356 οὕτω
1088 3315 1116 3357 τι

69 3398 112 3480 δὴ
141 3395 195 3462 καὶ
222 3398 283 3482 τὴν
310 3409 430 3475 κοινῶς
457 3395 547 3485 πᾶῙσι
573 3408 644 3475 τοῖς
667 3408 823 3481 φυσικοῖς
846 3399 996 3482 σώμασιν
1014 3413 1129 3456 soum

141 3630 165 3677 2.
185 3626 247 3695 μελσ
265 3626 433 3697 οτλταβαλοι
451 3626 492 3694 Μ;
521 3624 685 3697 μεταβάλλοι
703 3628 736 3694 pt
815 3630 839 3679 8.
855 3631 879 3678 9.
900 3626 1076 3696 ελνῙδεχεται,

69 3711 104 3748 ex
123 3715 148 3761 κ,
168 3695 196 3747 Μ
296 3702 338 3750 12.
356 3715 488 3766 τεχνιτων
506 3696 535 3749 Μ
636 3701 676 3750 19.
696 3698 800 3767 μιαλτις
818 3695 944 3767 ὕῙπασιν,
963 3711 997 3749 ex
1016 3716 1077 3750 ντιν

72 3769 104 3819 ut
123 3765 187 3834 vid„
206 3766 235 3818 Μ
307 3773 349 3821 21.
368 3766 432 3822 fort.
446 3766 610 3839 μεταβάλλοι
675 3773 723 3851 128.
743 3766 844 3837 χαλκὸς
861 3767 893 3838 p]
912 3769 1030 3835 χαλκους
1047 3767 1079 3818 Μ

59 3946 115 3990 m
139 3870 325 4011 χῖχβχωχθρ]
341 3891 406 3943 εχον
423 3872 455 3928 Μ
554 3879 598 3931 26.
617 3857 692 3930 πασῖ
713 3856 895 3946 φυσικῖοςΜ
910 3869 964 3940 m.
981 3870 1114 3932 »mm-

110 3979 120 4006 )
153 3980 177 4002 ¹«
231 3983 239 4009 7
