2394 4208
78 314 129 386 ΠΙ]
351 317 398 369 DE
417 316 674 370 AETERNITATE
694 317 814 370 MVNDI
1046 319 1089 380 43

78 506 138 546 τον
159 489 340 556 ποιοῦντος
362 479 512 566 ἐνεργείᾳ
535 481 741 565 δημιουργὸν
764 481 824 543 τὸν
847 481 987 563 δυνάμει
1009 484 1088 565 πρό-

78 612 184 674 τερον.
230 587 285 652 καὶ
318 588 347 652 εἰ
379 583 440 671 μέν
472 585 598 664 ἐκεῖνος
630 586 680 651 ἀεὶ
713 586 863 674 ἐνεργείᾳ
895 593 999 665 αῖτιος
1028 597 1088 653 τοῦ

78 691 163 760 εἶναι
194 703 316 759 τοῦτον
345 695 566 779 δημιουργόν,
597 693 647 758 άελ
677 692 731 758 καὶ
760 688 858 770 οὗτος
886 695 1089 780 δημιουργὸς

77 803 194 866 διὰτὸ
217 804 382 887 πρότερον
405 798 530 884 ἀξίωμα
553 801 590 864 τὸ
616 799 730 884 λέγον,
759 800 838 865 ὅταν
860 793 882 884 ᾗ
905 799 974 864 κατ’
998 800 1087 887 ἐνέρ-

77 931 172 992 γειαν
195 909 232 972 τὸ
257 914 375 989 αἴτιον,
398 905 452 971 καὶ
476 908 512 971 τὸ
537 908 685 971 αλτιατὸν
704 903 789 972 εἶναι
812 905 881 971 κατ’
906 906 1088 993 ἐνέργειαν·
1116 936 1128 975 5

78 1017 160 1080 ὥστε
183 1016 220 1079 τὸ
245 1015 555 1099 δημιουργούμενον
578 1014 632 1078 άεί
648 1013 746 1079 ἐστιν.
784 1016 813 1079 εἰ
832 1011 869 1080 δέ
888 1013 942 1079 καὶ
961 1014 1087 1093 ἐκεῖνος

78 1121 217 1204 δυνάμει
247 1117 325 1185 ποτὶ
354 1126 458 1197 αῖτιος
484 1129 545 1185 τοῦ
571 1131 682 1186 ποιεῖν
709 1122 768 1184 τὸν
796 1121 1003 1206 δημιουργὸν
1030 1124 1086 1206 δη-

77 1237 266 1312 μιουργεῖν,
293 1227 396 1291 πάλιν
418 1227 518 1304 αὐτὸς
541 1229 645 1292 άλλου
668 1250 728 1292 του
757 1229 907 1311 δεήσεται
931 1237 991 1293 τοῦ
1013 1251 1086 1293 ποι-

77 1343 197 1410 οῦντος
211 1333 314 1398 αὐτὸν
332 1331 401 1397 κατ’
420 1331 598 1419 ε’νέργειξαν
615 1345 726 1399 ποιεῖν
743 1335 803 1397 τὸν
821 1335 1028 1421 δημιουργὸν
1042 1361 1082 1401 ιοι.
1093 1364 1138 1401 ιιι.

78 1441 295 1525 δημιουργεῖν
322 1441 378 1505 διά
400 1441 437 1503 τὸ
464 1441 623 1526 δεύτερον
650 1439 775 1524 ἀξίωμα
793 1441 830 1505 τὸ
850 1440 949 1524 λε’γον
971 1442 1007 1505 τὸ
1028 1442 1086 1507 δυ·
1101 1469 1126 1506 ιο

77 1549 171 1631 νάμει
189 1556 257 1611 πᾶν
276 1548 410 1612 δεῖσθαι
428 1556 488 1611 τοῦ
508 1547 667 1634 ἐνεργείᾳ,
685 1548 742 1611 ἵνα
760 1546 894 1631 γένηται
908 1545 977 1611 κατ’
997 1547 1085 1633 ἐνέρ-

78 1674 182 1737 γειαν·
206 1652 261 1719 καλ
283 1655 386 1718 πάλιν
408 1653 426 1719 δ
451 1654 551 1731 αὐτὸς
573 1653 626 1719 ἐπὶ
649 1655 769 1719 τούτου
794 1655 904 1737 λόγος,
926 1652 981 1718 καὶ
999 1653 1019 1736 ἢ
1039 1656 1086 1731 είς

77 1762 214 1846 άτιειρον
236 1761 355 1844 ἄνιμεν
377 1761 458 1824 ἄλλο
481 1761 546 1845 τιρὸ
571 1762 675 1825 άλλου
699 1765 872 1844 ζητοῦντες
894 1766 1084 1826 αἴτιοντοῦ

77 1865 224 1952 ἐνεργείᾳ
246 1873 292 1953 τῷ
314 1864 521 1954 προκειμένῳ
538 1866 689 1950 δυνάμει
718 1868 827 1932 αἰτίου
849 1865 870 1951 ἢ
893 1866 1015 1951 ἥξομεν
1037 1869 1085 1945 εἰς

76 1974 110 2037 τὸ
125 1981 339 2057 συγχωρῆσαι
354 1971 407 2036 άεί
423 1996 454 2037 τι
474 1967 560 2037 εἶναι
578 1971 647 2036 κατ’
667 1972 836 2058 ἐνέργειαν
855 1980 970 2039 αῖτιον.
1008 1976 1083 2040 τού·
1099 2002 1124 2042 15

76 2102 133 2144 του
158 2075 194 2143 δὲ
218 2078 495 2163 συγχωρηθέντος
517 2077 627 2143 ἕπεται
651 2078 705 2144 καὶ
723 2081 763 2144 τά
781 2082 910 2145 αέτιατά
928 2077 1014 2146 εἶναι
1032 2081 1082 2147 άεὶ
1163 2138 1169 2150 .

77 2183 142 2250 κατ’
166 2183 338 2270 ἐνέργειαν
364 2183 419 2248 καὶ
446 2185 507 2249 τὸν
532 2188 660 2270 κόσμον
686 2184 737 2250 άελ
761 2188 1083 2273 δημιουργούμενον,

77 2297 164 2377 εῖτερ
194 2290 249 2356 καὶ
277 2293 338 2355 τὸν
364 2292 571 2376 δημιουργὸν
603 2291 653 2357 ἀεὶ
686 2293 903 2379 δημιουργόν,
936 2297 992 2358 διά
1020 2295 1082 2359 δύο

77 2395 209 2484 δειχθέν
231 2397 434 2482 ἀξιωμάτων,
463 2395 538 2474 ἑνὸς
559 2394 621 2481 μὲν
643 2400 688 2476 ὡς
711 2398 754 2464 ἂν
777 2403 832 2485 ἔχη
856 2411 923 2463 τῶν
945 2402 1028 2484 πρός
1051 2424 1082 2463 τι

76 2507 228 2591 δάτερον,
252 2505 340 2570 οὕτω
362 2503 418 2568 καὶ
441 2504 587 2590 θάτερον
605 2508 703 2589 ἔχειν,
722 2507 751 2570 εἰ
769 2502 831 2590 μὲν
850 2506 1000 2589 δυνάμει,
1024 2506 1081 2570 δυ·
1095 2534 1122 2574 το

76 2615 178 2697 νάμει,
202 2613 233 2677 εἰ
256 2607 293 2676 δέ
316 2609 476 2698 ἐνεργείᾳ,
499 2609 657 2697 ἐνεργείᾳ,
681 2609 796 2697 ἑτέρου
820 2608 857 2676 δέ
879 2621 947 2676 πᾶν
967 2613 1003 2676 τὸ
1023 2612 1081 2676 δυ-

75 2719 167 2802 νάμει
191 2717 232 2783 δν
249 2718 467 2801 μεταβάλλειν
485 2718 532 2793 εἰς
550 2718 587 2781 τὸ
607 2716 721 2801 ἕτερον
739 2716 889 2803 ἐνεργείᾳ
905 2717 971 2783 ὑπό
990 2743 1082 2796 τινος

76 2823 221 2911 ἐνεργείᾳ
253 2825 360 2906 ὄντος,
392 2822 410 2888 ὃ
443 2823 523 2888 αὐτὸ
557 2825 697 2906 δυνάμει
727 2826 901 2908 πρότερον,
933 2823 1081 2912 ἐνεργείᾳ

74 2929 101 2994 δ’
121 2930 297 3016 ὕστερον.”

142 3131 166 3179 4.
191 3121 340 3190 πρότερον,
363 3121 382 3177 i.
405 3139 429 3177 ο.
452 3140 516 3193 pag.
531 3127 609 3190 42‚7
707 3127 747 3177 10.
767 3123 910 3192 δεύτερον,
933 3124 951 3177 i.
972 3141 994 3178 e.
1014 3141 1079 3194 pag.

74 3200 169 3262 4216
261 3199 302 3248 14.
321 3190 425 3265 αἰτίου]
449 3212 539 3247 αιτιωι
558 3193 588 3246 Μ
679 3200 719 3248 16.
739 3191 833 3249 ἕπεται
856 3198 924 3261 κτλ.;
949 3194 983 3248 cf.
1007 3194 1080 3249 infra

73 3265 118 3320 fol.
133 3272 197 3319 39ν.
266 3270 308 3319 22.
328 3264 518 3336 μεταβάλλειν]
532 3265 702 3335 μεταβάλλον
716 3265 745 3318 Μ
813 3264 906 3332 ἕτερον
920 3269 1080 3336 suspectum

143 3342 184 3390 ⁶23.
205 3354 340 3406 ενενγειαι
359 3336 388 3389 Μ
460 3335 540 3407 αὐτὸ]
560 3333 644 3398 ἀυτος
662 3335 691 3388 Μ
