2394 4208
88 564 127 619 ει
140 567 168 639 ε]
355 564 404 620 ου
421 563 677 620 mmmm
694 564 815 620 uvnm
1026 564 1103 631 435.

88 730 235 815 ἀπειρον,
259 727 469 795 συστέλλεται
492 724 529 793 δὲ
552 727 615 792 οὐκ
637 725 685 792 ἐνί
709 729 856 814 ἀπειρον,
879 728 988 814 ὥσπερ
1012 724 1092 794 οὐδὲ

87 834 264 900 ἐκτείνεται
292 832 341 899 ἐπ’
370 835 521 920 ἄπειρον·
559 843 657 899 τοῦτο
685 835 748 921 γὰρ
772 834 854 919 αὐτή
877 834 898 918 ή
920 844 988 900 τῶν
1009 855 1092 920 πρα-

87 940 221 1024 γμάτων
235 938 389 1026 ἐνάργεια
406 940 516 1024 λέγειν
533 940 614 1024 ήμλν
631 940 824 1023 ὑποβάλλει·
848 941 900 1006 δελ
918 943 980 1027 γάρ
1000 936 1091 1025 οἶμαι

86 1048 147 1111 τὸν
172 1045 248 1133 περὶ
275 1059 342 1113 τῶν
369 1058 521 1132 φυσικῶν
547 1048 748 1132 πραγμάτων
770 1047 1007 1132 διαλεγόμενον
1029 1047 1091 1112 οὐκ

86 1153 191 1218 αὐτὸν
212 1151 406 1218 συντιθέναι
429 1154 551 1237 λόγους
572 1152 798 1238 ἀσυμφώνους
816 1162 885 1230 τοῖς
902 1154 1091 1239 πράγμασιν
1117 1179 1130 1221 ε

85 1259 170 1323 ἀλλά
192 1269 262 1336 τοῖς
285 1258 499 1344 φαινομένοις
517 1261 720 1344 συμφώνους
738 1281 772 1322 τε
790 1257 845 1323 καὶ
863 1262 1090 1344 προσήκοντας

86 1365 284 1451 ἐφαρμόζειν
305 1369 384 1443 τοὺς
406 1363 482 1452 περὶ
505 1365 615 1430 αὐτῶν
637 1367 767 1449 λόγους.
813 1366 845 1430 ολ
867 1361 929 1449 μὲν
949 1360 1012 1430 οὖν
1028 1367 1090 1450 τήν

83 1471 172 1556 ὕλην
199 1472 373 1556 ἀσώματον
399 1470 454 1536 καὶ
481 1471 584 1557 ἀμερῆ
615 1467 700 1536 εἶναι
726 1470 782 1536 καλ
808 1473 914 1558 πάντη
938 1471 1089 1537 ἀνείδεον

84 1578 322 1663 ὑποτιθέμενοι
353 1577 408 1643 καί
440 1578 578 1661 δυνάμει
609 1577 715 1642 πάντα
746 1580 849 1661 λόγον
880 1577 942 1662 οὐχ
974 1576 1088 1654 ἕξουσι

84 1687 219 1769 δοῦναι,
249 1689 284 1749 τί
310 1685 431 1768 δήποτε
459 1683 480 1767 ή
508 1691 554 1770 τῷ
581 1684 707 1771 τοσῷδε
734 1683 814 1768 φέρε
842 1685 929 1771 άρτφ
956 1683 1089 1749 ὑποκει-
1103 1712 1129 1752 ιο

83 1792 166 1876 με’νη
193 1790 257 1875 ὕλη
286 1793 333 1868 εἰς
359 1791 497 1855 τοσόνδε
523 1788 578 1855 καλ
606 1789 647 1854 οὐ
670 1793 781 1874 μεῖζον
804 1791 925 1876 σαρκὸς
948 1788 1089 1874 μέγεθος

82 1899 293 1983 μεταβάλλει,
317 1896 437 1980 ὁμοίως
458 1895 514 1961 καλ
535 1895 556 1979 ή
578 1904 625 1984 τῷ
648 1900 813 1984 κυαθιαίφ
836 1894 934 1961 ὕδατι
956 1897 1088 1961 ὑποκει-

82 2004 165 2089 μένη
184 2002 247 2087 ὕλη
267 2005 315 2081 είς
332 2000 480 2090 τοήσόνδε
499 2002 605 2089 ἀέρος,
623 2001 644 2086 ή
663 2004 700 2068 τὸ
719 2012 776 2086 τής
798 2004 920 2089 σαρκὸς
943 2001 1011 2067 ἐπι·
1032 2019 1071 2059 101-
1079 2020 1139 2062 1²⁹1.

83 2109 243 2187 δέξασθαι
274 2110 411 2175 δύναται
442 2103 545 2193 εἶδος,
577 2107 652 2194 οὐχὶ
682 2105 719 2174 δὲ
748 2108 803 2174 καὶ
832 2111 869 2174 τὸ
897 2118 957 2174 τοῦ
984 2111 1087 2174 ἵππου

82 2218 186 2300 τυχὸν
207 2216 228 2300 ή
252 2217 288 2281 τὸ
312 2225 371 2280 τοῦ
390 2214 570 2299 ἐλέφαντος
587 2215 799 2302 προσθέσεως
817 2217 976 2301 μηδεμιᾶς
993 2239 1087 2299 γενο-
1100 2242 1126 2284 ιτ

81 2322 196 2407 μένης·
219 2323 257 2386 τὸ
276 2324 338 2408 γάρ
357 2321 531 2405 ἀσώματον
549 2319 604 2385 καὶ
618 2318 735 2408 ἀμερὲς
748 2320 803 2386 καὶ
817 2323 956 2406 δυνάμει
970 2323 1086 2407 πάντα,

82 2435 174 2513 είπερ
198 2428 282 2505 όλως
304 2426 431 2511 πέφυκε
452 2434 702 2513 σωματοῦσθαι,
721 2433 756 2493 τί
772 2429 877 2494 δείται
894 2433 1088 2515 προσθήκης

81 2533 211 2612 ἔξωθεν
246 2532 425 2617 μεγέθους,
461 2534 517 2597 ἵνα
554 2535 601 2610 είς
635 2535 774 2599 τοσόνδε
810 2534 952 2619 μέγεθος
986 2535 1007 2619 ή
1040 2536 1088 2612 εἰς

81 2642 214 2706 τοιόνδε
242 2635 331 2717 εἶδος
357 2641 556 2725 μεταβάλλη;
593 2641 625 2705 ολ
655 2637 692 2705 δὲ
721 2642 758 2706 τὸ
788 2651 882 2727 τριχῇ
910 2643 1087 2707 διαστατόν

83 2749 144 2831 τήν
170 2749 305 2832 πρώτην
329 2743 417 2831 ὕλην
444 2743 528 2812 εἶναι
555 2745 791 2831 ὑποτιθέμενοι
819 2746 874 2813 καὶ
901 2757 999 2813 τοῦτο
1029 2749 1086 2831 δη·
1099 2775 1126 2816 ιο

82 2856 195 2919 λονότι
228 2853 289 2918 οὐκ
321 2853 473 2918 ἀνείδεον
505 2848 584 2917 οὐδὲ
616 2850 732 2939 ἀμερὲς
768 2851 863 2940 (αὐτὸ
899 2856 962 2941 γάρ
997 2849 1086 2932 εἶδός

81 2961 173 3026 ἐστιν
195 2969 254 3024 τοῦ
278 2959 388 3037 ἁπλῶς
406 2960 555 3043 σώματος
571 2957 627 3025 καὶ
644 2959 785 3043 μέγεθος
803 2961 840 3025 τὸ
858 2958 1005 3047 πρῶτον)
1025 2961 1086 3025 οὐκ

81 3067 310 3151 ἀπορήσουσιν
337 3066 456 3149 αἰτίας,
485 3065 571 3131 διότι
598 3065 638 3131 οὐ
665 3068 702 3131 τὸ
730 3067 832 3151 τυχὸν
855 3068 902 3144 είς
924 3068 961 3131 τὸ
984 3068 1086 3152 τυχὸν

79 3173 100 3255 ή
124 3173 265 3256 μέγεθος
287 3170 307 3255 ή
332 3166 420 3249 εἶδος
442 3172 636 3255 μεταβάλλει
657 3177 850 3258 προσθήκης
873 3177 985 3258 χωρίς·
1024 3172 1085 3236 οὐκ

80 3278 266 3363 ἀμεγέθους
287 3280 351 3363 γάρ
375 3274 454 3343 οὐδὲ
477 3277 618 3365 ἀμεροῦς
641 3281 737 3356 ὄντος
759 3290 818 3344 τοῦ
842 3289 935 3367 τριχῇ
954 3280 1084 3344 διαστα-
1098 3303 1124 3347 ετ

79 3394 140 3450 τοῦ
164 3384 247 3448 ἀλλὰ
269 3393 426 3470 μεριστοῦ
449 3385 486 3448 τὸ
505 3384 585 3449 όλον
604 3385 758 3467 δηλονότι
776 3394 836 3449 τοῦ
856 3386 945 3450 ἰδίου
963 3385 1084 3471 μέρους

80 3491 171 3557 ἐστὶν
193 3494 317 3575 μεῖζον·
341 3491 370 3555 εί
393 3486 430 3553 δὲ
452 3497 566 3572 τοῦτο,
589 3487 644 3553 καλ
665 3489 686 3573 ή
710 3491 851 3574 συστολή
875 3487 912 3555 δὲ
935 3490 989 3556 καὶ
1013 3493 1083 3556 δια-

80 3600 178 3681 στολή
198 3609 265 3662 τῶν
283 3597 441 3679 σωμάτων
460 3594 521 3660 οὐκ
540 3596 587 3672 εἰς
608 3594 745 3680 ἀόριστα
763 3595 833 3660 ἀλλ’
853 3597 900 3674 εἰς
918 3596 1084 3686 ὡρισμένα

151 3794 175 3842 6.
199 3773 380 3857 φαινομενοῗς
404 3787 434 3840 Μ
541 3792 582 3842 12.
603 3792 643 3842 13.
667 3785 768 3857 δμοίως
780 3820 815 3830 -
830 3787 915 3857 ἀέρος
932 3788 1005 3842 (m.
1023 3792 1098 3853 mk,

80 3867 122 3914 14.
143 3855 216 3921 εἶδος
230 3859 374 3929 ponenda,
446 3863 488 3914 1⁶.
507 3860 667 3931 ελαφαντος
683 3860 717 3916 Μ
799 3866 849 3916 ss.
861 3858 1124 3932 χσΧορατουοθαιτ

72 3946 106 3981 61
125 3949 147 3993 v,
167 3929 200 3978 Μ
286 3935 326 3984 19.
345 3932 556 4007 μεταβαλλήηήι,
575 3949 614 3990 ex
633 3953 669 4006 ει,
686 3934 721 3990 M
918 4017 978 4072 w
