2394 4208
57 553 127 626 ιιι]
326 553 651 609 mmmmm
669 555 790 610 αιτιοι
1002 557 1067 623 385

58 717 97 781 ἐν
120 716 282 804 ἀλλοτρίῳ
305 719 410 804 τόπῳ,
433 719 477 801 μὴ
500 719 726 802 μεταβάλλειν,
746 717 911 803 ἐνδέχεται
930 721 994 806 άρα
1011 719 1067 785 καί

57 827 98 889 τά
126 823 163 888 ἐν
189 825 232 908 μὴ
262 822 425 910 ἀλλοτρίῳ
453 825 534 889 όντα
560 825 651 912 τόπῳ
674 826 904 909 μεταβάλλειν·
941 827 1068 891 οὐκοῦν

57 931 183 1008 ψεῦδος
210 931 247 995 τὸ
275 932 315 994 τά
341 930 588 1014 μεταβάλλοντα
615 932 722 996 πάντα
750 931 787 997 ἐν
816 930 987 1021 άλλοτριίῳ
1006 951 1122 994 εοιιότν.

58 1041 148 1124 τόπῳ
181 1039 262 1101 όντα
292 1038 518 1120 μεταβάλλειν.
565 1038 594 1103 εἰ
626 1032 690 1102 οὖν
721 1035 844 1121 ἀληθὲς
876 1045 925 1122 εἰη
958 1048 1067 1123 τοῦτο,

57 1155 126 1209 πᾶν
149 1146 226 1229 ἀρα,
250 1142 268 1208 ὅ
291 1144 335 1227 μὴ
360 1141 397 1208 ἐν
420 1143 582 1231 ἀλλοτρίῳ
605 1146 694 1231 τόπῳ
719 1143 819 1227 ἐστίν,
843 1143 1068 1229 άμετάβλητόν
1095 1173 1108 1212 5

59 1251 160 1316 ἐστιν.
204 1260 271 1314 πᾶν
297 1245 335 1314 δὲ
357 1251 394 1314 τὸ
418 1252 462 1334 μὴ
487 1249 523 1316 ἐν
546 1249 709 1337 ἀλλοτρίῳ
733 1251 822 1336 τόπῳ
846 1248 886 1314 όν
908 1259 1007 1316 τοῦτο
1031 1249 1068 1316 ἰν

58 1366 105 1446 τῳ
134 1359 244 1444 οἰκείῳ
272 1354 327 1421 καί
355 1357 437 1421 κατά
465 1357 571 1440 φύσιν
600 1354 691 1421 ἐστὶν
715 1358 818 1443 τόπῳ·
854 1365 921 1420 πᾶν
944 1359 1008 1443 άρα
1030 1360 1067 1423 τὸ

60 1465 97 1531 ἰν
123 1472 169 1551 τῳ
198 1465 308 1551 οἰκείῳ
336 1462 391 1527 καί
419 1465 501 1528 κατὰ
529 1465 635 1547 φύσιν
662 1462 813 1549 ὑπάρχον
839 1465 929 1550 τόπῳ
952 1463 1068 1548 ἀμετά-

58 1573 183 1654 βλητόν
215 1568 314 1634 ἐστιν.
360 1568 443 1634 ἀλλά
475 1571 516 1653 δὴ
548 1568 604 1634 καί
636 1563 677 1633 οὗ
710 1568 753 1632 ἀν
783 1569 820 1634 τὸ
849 1569 930 1633 ὅλον
957 1568 994 1635 ἐν
1021 1578 1068 1658 τῳ

59 1679 143 1742 κατὰ
170 1677 276 1760 φύσιν
302 1678 391 1762 τόπῳ
419 1669 456 1760 η’,
483 1676 605 1740 τούτου
629 1673 684 1740 καί
707 1677 747 1739 τὰ
771 1673 807 1739 ἐν
829 1682 875 1762 τῷ
899 1674 965 1763 ὅλῳ
989 1677 1109 1744 ὅνταιο

57 1784 140 1870 με’ρη
175 1782 211 1847 ἐν
245 1790 291 1870 τῷ
323 1783 405 1847 κατά
432 1784 538 1866 φύσιν
567 1781 658 1847 ἐστὶν
688 1784 790 1868 τόπῳ·
829 1781 846 1846 ὁ
876 1782 940 1867 γὰρ
970 1782 1068 1859 αὐτὸς

59 1899 120 1955 τοῦ
152 1890 233 1954 ὅλου
263 1887 319 1953 καί
349 1897 409 1953 τοῦ
438 1887 562 1975 μέρους
590 1890 673 1954 κατά
703 1888 809 1971 φύσιν
839 1886 929 1952 ἐστὶν
957 1889 1068 1973 τόπος,

59 1998 105 2073 ὡς
127 1994 182 2061 καί
211 1994 248 2059 ἐν
275 2006 345 2073 τοῖς
373 1997 563 2082 ἔμπροσθεν
591 1993 769 2059 δέδεικται·
804 1995 912 2058 πάντα
938 1996 1003 2080 άρα
1029 1996 1069 2059 τά

59 2114 128 2167 τῶν
155 2106 328 2185 στοιχείων
354 2100 436 2187 μέρη
465 2103 505 2165 τὰ
532 2100 569 2166 ἐν
598 2111 637 2187 τῇ
669 2102 773 2187 οἰκείῳ
803 2099 935 2183 ὁλότητι
964 2100 1069 2187 ὑπάρ-

60 2232 161 2294 χοντα
180 2208 281 2294 ἐντῷ
300 2210 381 2272 κατὰ
400 2209 505 2292 φύσιν
523 2211 604 2273 ὄντα
626 2211 715 2295 τόπῳ
739 2206 944 2291 ἀμετάβλητα
967 2210 1066 2272 ἔσται.
1080 2232 1107 2274 ιε

59 2316 145 2380 ἀλλὰ
171 2317 238 2400 μὴν
260 2313 315 2379 καί
339 2315 401 2380 ὅσα
425 2313 462 2379 ἐν
484 2324 554 2391 τοίς
575 2316 665 2400 παρὰ
688 2314 793 2398 φύσιν
816 2322 880 2378 νῦν
903 2313 993 2379 ἐστιν
1015 2317 1068 2379 τό-

59 2444 137 2498 ποις
159 2433 226 2486 τῶν
249 2425 422 2505 στοιχείων
444 2419 541 2507 μέρη,
563 2429 610 2508 τῷ
633 2428 747 2508 μακρῷ
771 2422 879 2507 χρόνῳ
902 2421 1010 2485 πάντα
1032 2420 1069 2486 ἐν

60 2538 131 2604 τοῖς
158 2529 239 2592 κατὰ
266 2529 371 2611 φύσιν
399 2529 513 2605 τόποις
535 2530 707 2611 γενήσεται
738 2523 939 2612 (οὐδὲνγὰρ
964 2525 1001 2591 ἐν
1023 2534 1068 2613 τῳ

59 2635 149 2718 παρὰ
172 2635 278 2717 φύσιν
299 2632 390 2717 μένει
414 2633 474 2698 τὸν
496 2635 636 2718 άπειρον
658 2630 796 2719 χρόνον)
824 2631 879 2697 καί
907 2634 1069 2716 γενόμενα

60 2750 153 2823 μενεῖ
176 2739 213 2805 ἐν
236 2739 362 2817 αὐτοῖς·
386 2740 427 2805 οὐ
450 2741 513 2824 γάρ
538 2740 579 2823 δή
603 2762 641 2823 γε
663 2738 745 2826 πρίν
762 2740 923 2825 ἠρεμῆσαι
944 2736 980 2802 ἐν
997 2750 1068 2817 τοίς
1082 2765 1109 2805 τι

61 2849 197 2923 οἰκείοις
220 2848 334 2923 τόποις
358 2845 520 2924 ἐξίσταται
542 2847 684 2911 τούτων·
718 2844 773 2910 καί
795 2846 924 2910 τὰνῦν
946 2847 1010 2932 άρα
1033 2845 1070 2910 ἐν

59 2961 106 3039 τῳ
136 2953 225 3037 παρὰ
255 2954 360 3036 φύσιν
390 2954 471 3018 ὄντα
499 2963 567 3018 τῶν
597 2956 770 3037 στοιχείων
796 2950 878 3037 μέρη
907 2954 1070 3036 γενόμενά

59 3081 139 3124 ποτε
163 3057 200 3122 ἰν
222 3067 268 3146 τῳ
291 3061 373 3123 κατά
396 3061 501 3143 φύσιν
524 3059 730 3144 ἀμετάβλητα
748 3061 847 3123 ἔσται.
885 3060 914 3124 εἰ
933 3053 996 3123 οὖν
1014 3057 1069 3124 καί

60 3166 101 3229 τά
127 3174 193 3230 νῦν
220 3164 256 3230 ἐν
283 3173 329 3253 τῷ
358 3166 440 3230 κατά
467 3167 572 3249 φύσιν
600 3168 680 3231 ὄντα
701 3175 770 3230 τῶν
792 3169 965 3248 στοιχείων
986 3164 1068 3251 με’ρη

60 3272 266 3356 άμετάβλητά
289 3271 379 3336 ἐστιν
403 3273 519 3337 διὰτὸ
543 3271 648 3359 ἐντῷ
671 3273 754 3336 κατά
777 3271 883 3355 φύσιν
905 3267 991 3337 εἰναι
1013 3269 1069 3337 καί
1083 3294 1110 3338 ιι

60 3381 100 3443 τὰ
124 3378 161 3444 ἐν
183 3386 230 3465 τῷ
252 3380 341 3465 παρὰ
365 3380 471 3463 φύσιν
494 3380 574 3443 ὄντα
592 3380 754 3462 γενόμενά
772 3400 850 3443 ποτε
869 3377 907 3444 ἐν
924 3385 970 3465 τῳ
988 3379 1070 3442 κατὰ

59 3488 166 3569 φύσιν
193 3484 399 3568 ἀμετάβλητα
426 3487 536 3569 ἔσται,
565 3487 654 3550 ἔσται
682 3487 746 3570 ἀρα
774 3482 869 3568 ποτέ,
892 3485 946 3550 ὅτε
969 3480 1070 3550 οὐδὲν

134 3754 158 3802 4.
179 3723 248 3802 όάάα
265 3723 341 3802 όοπω
360 3747 388 3800 Μ
462 3753 486 3802 6.
505 3748 627 3819 τοοτχολ,
646 3765 680 3802 ex
698 3747 772 3815 ω,Μ
846 3747 1073 3818 7.ιια[νί,οειρῚ

60 3853 90 3905 M
164 3854 401 3924 τεηιηιω
486 3859 528 3910 13.
547 3860 729 3930 ρωποι
816 3836 1000 3908 πτάτο

56 3922 531 3998 18.19.Mm11'nmarg.2ga

93 4015 200 4057 Ioum
213 4021 375 4066 Ρειωεοιιυε
390 4025 425 4068 ed.
443 4028 537 4076 Buba.
922 4017 964 4066 ᾖ
