<?xml version="1.0" encoding="UTF-8"?>
<!DOCTYPE html PUBLIC "-//W3C//DTD XHTML 1.0 Transitional//EN"
    "http://www.w3.org/TR/xhtml1/DTD/xhtml1-transitional.dtd">
<html xmlns="http://www.w3.org/1999/xhtml" xml:lang="en" lang="en">
 <head>
  <title>
</title>
<meta http-equiv="Content-Type" content="text/html;charset=utf-8" />
  <meta name='ocr-system' content='tesseract 3.04.00' />
  <meta name='ocr-capabilities' content='ocr_page ocr_carea ocr_par ocr_line ocrx_word'/>
</head>
<body>
  <div class='ocr_page' id='page_1' title='image "./ioannesphilopon00philgoog_0122.png"; bbox 0 0 2394 4208; ppageno 0'>
   <div class='ocr_carea' id='block_1_1' title="bbox 10 39 952 334">
    <p class='ocr_par' dir='ltr' id='par_1_1' title="bbox 10 39 952 334">
     <span class='ocr_line' id='line_1_1' title="bbox 10 39 952 334; baseline 0 -1"><span class='ocrx_word' id='word_1_1' title='bbox 10 39 848 334; x_wconf 99' lang='lat'>-</span> <span class='ocrx_word' id='word_1_2' title='bbox 929 138 952 183; x_wconf 50' lang='grc' dir='ltr'><em>ι·</em></span> 
     </span>
    </p>
   </div>
   <div class='ocr_carea' id='block_1_2' title="bbox 81 558 1100 631">
    <p class='ocr_par' dir='ltr' id='par_1_2' title="bbox 81 558 1100 631">
     <span class='ocr_line' id='line_1_2' title="bbox 81 558 1100 631; baseline 0.013 -18"><span class='ocrx_word' id='word_1_3' title='bbox 81 559 109 613; x_wconf 84' lang='lat' dir='ltr'>v</span> <span class='ocrx_word' id='word_1_4' title='bbox 128 567 150 613; x_wconf 91' lang='lat'><em>1.</em></span> <span class='ocrx_word' id='word_1_5' title='bbox 167 559 197 631; x_wconf 77' lang='grc' dir='ltr'><em>ι]</em></span> <span class='ocrx_word' id='word_1_6' title='bbox 362 558 410 613; x_wconf 79' lang='lat' dir='ltr'><em>DE</em></span> <span class='ocrx_word' id='word_1_7' title='bbox 429 558 687 614; x_wconf 65' lang='lat' dir='ltr'><strong>mmmmm</strong></span> <span class='ocrx_word' id='word_1_8' title='bbox 705 560 826 615; x_wconf 76' lang='lat' dir='ltr'><strong>MVNm</strong></span> <span class='ocrx_word' id='word_1_9' title='bbox 1035 562 1100 625; x_wconf 82' lang='lat'><em>105</em></span> 
     </span>
    </p>
   </div>
   <div class='ocr_carea' id='block_1_3' title="bbox 82 716 1142 3572">
    <p class='ocr_par' dir='ltr' id='par_1_3' title="bbox 82 716 1140 2401">
     <span class='ocr_line' id='line_1_3' title="bbox 83 716 1098 809; baseline 0.002 -23"><span class='ocrx_word' id='word_1_10' title='bbox 83 723 140 787; x_wconf 85' lang='grc' dir='ltr'><em>ὅτε</em></span> <span class='ocrx_word' id='word_1_11' title='bbox 163 721 227 786; x_wconf 89' lang='grc' dir='ltr'><em>ούκ</em></span> <span class='ocrx_word' id='word_1_12' title='bbox 249 716 292 804; x_wconf 75' lang='grc' dir='ltr'><em>ἦν</em></span> <span class='ocrx_word' id='word_1_13' title='bbox 314 724 448 806; x_wconf 81' lang='grc' dir='ltr'><em>χρόνος,</em></span> <span class='ocrx_word' id='word_1_14' title='bbox 475 720 531 787; x_wconf 81' lang='grc' dir='ltr'><em>καὶ</em></span> <span class='ocrx_word' id='word_1_15' title='bbox 559 725 648 788; x_wconf 85' lang='grc' dir='ltr'><em>ἔσται</em></span> <span class='ocrx_word' id='word_1_16' title='bbox 676 725 809 809; x_wconf 80' lang='grc' dir='ltr'><strong><em>χρόνος,</em></strong></span> <span class='ocrx_word' id='word_1_17' title='bbox 839 723 892 787; x_wconf 80' lang='grc' dir='ltr'><em>ὅτε</em></span> <span class='ocrx_word' id='word_1_18' title='bbox 920 723 982 786; x_wconf 88' lang='grc' dir='ltr'><em>οὐκ</em></span> <span class='ocrx_word' id='word_1_19' title='bbox 1008 725 1098 788; x_wconf 80' lang='grc' dir='ltr'><em>ἔσται</em></span> 
     </span>
     <span class='ocr_line' id='line_1_4' title="bbox 82 825 1098 914; baseline -0.001 -20"><span class='ocrx_word' id='word_1_20' title='bbox 82 832 214 914; x_wconf 80' lang='grc' dir='ltr'><strong><em>χρόνος.</em></strong></span> <span class='ocrx_word' id='word_1_21' title='bbox 252 825 433 912; x_wconf 73' lang='grc' dir='ltr'><em>ταῦταμὲν</em></span> <span class='ocrx_word' id='word_1_22' title='bbox 452 828 469 893; x_wconf 86' lang='grc' dir='ltr'>ὁ</span> <span class='ocrx_word' id='word_1_23' title='bbox 489 832 686 913; x_wconf 90' lang='grc' dir='ltr'><em>φιλόσοφος,</em></span> <span class='ocrx_word' id='word_1_24' title='bbox 705 833 811 893; x_wconf 90' lang='grc' dir='ltr'><em>καίτοι</em></span> <span class='ocrx_word' id='word_1_25' title='bbox 826 853 863 912; x_wconf 94' lang='grc' dir='ltr'><em>γε</em></span> <span class='ocrx_word' id='word_1_26' title='bbox 878 829 940 894; x_wconf 90' lang='grc' dir='ltr'><em>οὐκ</em></span> <span class='ocrx_word' id='word_1_27' title='bbox 954 829 1098 913; x_wconf 83' lang='grc' dir='ltr'><em>άγνοῶν,</em></span> 
     </span>
     <span class='ocr_line' id='line_1_5' title="bbox 84 932 1100 1020; baseline 0 -19"><span class='ocrx_word' id='word_1_28' title='bbox 84 937 130 1012; x_wconf 79' lang='grc' dir='ltr'><em>ὡς</em></span> <span class='ocrx_word' id='word_1_29' title='bbox 152 935 194 1000; x_wconf 89' lang='grc' dir='ltr'><em>ού</em></span> <span class='ocrx_word' id='word_1_30' title='bbox 217 935 348 1011; x_wconf 82' lang='grc' dir='ltr'><em>πάντως</em></span> <span class='ocrx_word' id='word_1_31' title='bbox 371 936 405 1000; x_wconf 81' lang='grc' dir='ltr'><em>αλ</em></span> <span class='ocrx_word' id='word_1_32' title='bbox 432 933 534 1012; x_wconf 82' lang='grc' dir='ltr'><em>λέξεις</em></span> <span class='ocrx_word' id='word_1_33' title='bbox 557 937 595 999; x_wconf 87' lang='grc' dir='ltr'><em>τὸ</em></span> <span class='ocrx_word' id='word_1_34' title='bbox 624 932 803 1020; x_wconf 70' lang='grc' dir='ltr'><em>ἀκραιφνὲς</em></span> <span class='ocrx_word' id='word_1_35' title='bbox 831 945 898 999; x_wconf 82' lang='grc' dir='ltr'><em>τῶν</em></span> <span class='ocrx_word' id='word_1_36' title='bbox 925 937 1100 1020; x_wconf 78' lang='grc' dir='ltr'><em>νοημάτων</em></span> 
     </span>
     <span class='ocr_line' id='line_1_6' title="bbox 84 1036 1098 1126; baseline 0.002 -22"><span class='ocrx_word' id='word_1_37' title='bbox 84 1041 306 1120; x_wconf 76' lang='grc' dir='ltr'><em>άπεικονίζειν</em></span> <span class='ocrx_word' id='word_1_38' title='bbox 329 1042 510 1125; x_wconf 82' lang='grc' dir='ltr'><em>ἰσχύουσιν.</em></span> <span class='ocrx_word' id='word_1_39' title='bbox 547 1045 582 1107; x_wconf 88' lang='grc' dir='ltr'><em>τί</em></span> <span class='ocrx_word' id='word_1_40' title='bbox 602 1036 675 1125; x_wconf 83' lang='grc' dir='ltr'><em>οὖν,</em></span> <span class='ocrx_word' id='word_1_41' title='bbox 699 1041 758 1106; x_wconf 86' lang='grc' dir='ltr'><em>έάν</em></span> <span class='ocrx_word' id='word_1_42' title='bbox 778 1042 871 1126; x_wconf 76' lang='grc' dir='ltr'><em>ἡμεῖς</em></span> <span class='ocrx_word' id='word_1_43' title='bbox 889 1043 926 1106; x_wconf 91' lang='grc' dir='ltr'><em>τὸ</em></span> <span class='ocrx_word' id='word_1_44' title='bbox 946 1046 1023 1106; x_wconf 87' lang='grc' dir='ltr'><em>λίαν</em></span> <span class='ocrx_word' id='word_1_45' title='bbox 1041 1043 1098 1106; x_wconf 90' lang='grc' dir='ltr'><em>αύ-</em></span> 
     </span>
     <span class='ocr_line' id='line_1_7' title="bbox 83 1144 1140 1232; baseline 0.002 -21"><span class='ocrx_word' id='word_1_46' title='bbox 83 1156 146 1212; x_wconf 86' lang='grc' dir='ltr'><em>τοῦ</em></span> <span class='ocrx_word' id='word_1_47' title='bbox 164 1158 233 1212; x_wconf 79' lang='grc' dir='ltr'><em>τῶν</em></span> <span class='ocrx_word' id='word_1_48' title='bbox 250 1144 370 1223; x_wconf 81' lang='grc' dir='ltr'><em>λέξεων</em></span> <span class='ocrx_word' id='word_1_49' title='bbox 388 1146 594 1225; x_wconf 80' lang='grc' dir='ltr'><em>ἐξεταστικὸν</em></span> <span class='ocrx_word' id='word_1_50' title='bbox 612 1148 860 1232; x_wconf 77' lang='grc' dir='ltr'><em>ἀποφεύγοντες</em></span> <span class='ocrx_word' id='word_1_51' title='bbox 878 1150 922 1232; x_wconf 78' lang='grc' dir='ltr'><em>μὴ</em></span> <span class='ocrx_word' id='word_1_52' title='bbox 941 1147 1098 1232; x_wconf 84' lang='grc' dir='ltr'><em>λέγωμεν,</em></span> <span class='ocrx_word' id='word_1_53' title='bbox 1126 1173 1140 1213; x_wconf 79' lang='grc' dir='ltr'><em>ι</em></span> 
     </span>
     <span class='ocr_line' id='line_1_8' title="bbox 84 1248 1097 1341; baseline 0.001 -23"><span class='ocrx_word' id='word_1_54' title='bbox 84 1254 137 1318; x_wconf 82' lang='grc' dir='ltr'><em>ὅτι</em></span> <span class='ocrx_word' id='word_1_55' title='bbox 159 1248 203 1336; x_wconf 75' lang='grc' dir='ltr'><em>ἦν</em></span> <span class='ocrx_word' id='word_1_56' title='bbox 224 1275 314 1338; x_wconf 78' lang='grc' dir='ltr'><em>ποτε,</em></span> <span class='ocrx_word' id='word_1_57' title='bbox 338 1254 392 1319; x_wconf 84' lang='grc' dir='ltr'><em>ὅτε</em></span> <span class='ocrx_word' id='word_1_58' title='bbox 415 1255 477 1320; x_wconf 85' lang='grc' dir='ltr'><em>οὐκ</em></span> <span class='ocrx_word' id='word_1_59' title='bbox 499 1251 542 1338; x_wconf 77' lang='grc' dir='ltr'><em>ἦν</em></span> <span class='ocrx_word' id='word_1_60' title='bbox 564 1258 694 1341; x_wconf 82' lang='grc' dir='ltr'><em>χρόνος,</em></span> <span class='ocrx_word' id='word_1_61' title='bbox 719 1259 798 1339; x_wconf 82' lang='grc' dir='ltr'><em>μήτε</em></span> <span class='ocrx_word' id='word_1_62' title='bbox 823 1256 873 1320; x_wconf 87' lang='grc' dir='ltr'><em>ότι</em></span> <span class='ocrx_word' id='word_1_63' title='bbox 896 1258 986 1321; x_wconf 81' lang='grc' dir='ltr'><em>ἔσται</em></span> <span class='ocrx_word' id='word_1_64' title='bbox 1008 1255 1097 1338; x_wconf 83' lang='grc' dir='ltr'><em>κοτέ,</em></span> 
     </span>
     <span class='ocr_line' id='line_1_9' title="bbox 86 1359 1099 1446; baseline 0.002 -23"><span class='ocrx_word' id='word_1_65' title='bbox 86 1360 143 1424; x_wconf 81' lang='grc' dir='ltr'><em>ὅτε</em></span> <span class='ocrx_word' id='word_1_66' title='bbox 161 1359 224 1424; x_wconf 89' lang='grc' dir='ltr'><em>ούκ</em></span> <span class='ocrx_word' id='word_1_67' title='bbox 242 1362 342 1445; x_wconf 81' lang='grc' dir='ltr'><em>ἔσται,</em></span> <span class='ocrx_word' id='word_1_68' title='bbox 366 1359 435 1426; x_wconf 81' lang='grc' dir='ltr'><em>ἀλλ’</em></span> <span class='ocrx_word' id='word_1_69' title='bbox 460 1361 571 1439; x_wconf 79' lang='grc' dir='ltr'><em>ἁπλῶς</em></span> <span class='ocrx_word' id='word_1_70' title='bbox 590 1362 722 1446; x_wconf 83' lang='grc' dir='ltr'><em>οὑτωσί,</em></span> <span class='ocrx_word' id='word_1_71' title='bbox 747 1362 796 1426; x_wconf 84' lang='grc' dir='ltr'><em>ότι</em></span> <span class='ocrx_word' id='word_1_72' title='bbox 816 1362 876 1426; x_wconf 93' lang='grc' dir='ltr'><em>ούκ</em></span> <span class='ocrx_word' id='word_1_73' title='bbox 896 1362 991 1445; x_wconf 84' lang='grc' dir='ltr'><em>&lt;άεί&gt;</em></span> <span class='ocrx_word' id='word_1_74' title='bbox 1010 1361 1099 1427; x_wconf 81' lang='grc' dir='ltr'><em>ἐστιν</em></span> 
     </span>
     <span class='ocr_line' id='line_1_10' title="bbox 84 1457 1099 1553; baseline 0.003 -23"><span class='ocrx_word' id='word_1_75' title='bbox 84 1468 221 1551; x_wconf 79' lang='grc' dir='ltr'><em>χρόνος,</em></span> <span class='ocrx_word' id='word_1_76' title='bbox 252 1465 322 1531; x_wconf 83' lang='grc' dir='ltr'><em>ἀλλ’</em></span> <span class='ocrx_word' id='word_1_77' title='bbox 346 1467 452 1553; x_wconf 77' lang='grc' dir='ltr'><em>άρχην</em></span> <span class='ocrx_word' id='word_1_78' title='bbox 481 1466 536 1533; x_wconf 81' lang='grc' dir='ltr'><em>καὶ</em></span> <span class='ocrx_word' id='word_1_79' title='bbox 564 1467 656 1545; x_wconf 91' lang='grc' dir='ltr'><em>τέλος</em></span> <span class='ocrx_word' id='word_1_80' title='bbox 687 1472 753 1552; x_wconf 81' lang='grc' dir='ltr'><em>ἔχει</em></span> <span class='ocrx_word' id='word_1_81' title='bbox 782 1457 842 1532; x_wconf 91' lang='grc' dir='ltr'><em>Ιτοῦ</em></span> <span class='ocrx_word' id='word_1_82' title='bbox 873 1464 971 1547; x_wconf 84' lang='grc' dir='ltr'><em>εἷναι;</em></span> <span class='ocrx_word' id='word_1_83' title='bbox 1001 1470 1031 1533; x_wconf 81' lang='grc' dir='ltr'><em>ελ</em></span> <span class='ocrx_word' id='word_1_84' title='bbox 1062 1465 1099 1533; x_wconf 72' lang='grc' dir='ltr'><em>δὲ</em></span> 
     </span>
     <span class='ocr_line' id='line_1_11' title="bbox 83 1574 1097 1658; baseline 0.002 -21"><span class='ocrx_word' id='word_1_85' title='bbox 83 1582 185 1638; x_wconf 84' lang='grc' dir='ltr'><em>τοῦτο</em></span> <span class='ocrx_word' id='word_1_86' title='bbox 208 1575 375 1656; x_wconf 80' lang='grc' dir='ltr'><em>λεγόντοιν</em></span> <span class='ocrx_word' id='word_1_87' title='bbox 397 1574 492 1658; x_wconf 82' lang='grc' dir='ltr'><em>ἡμῶν</em></span> <span class='ocrx_word' id='word_1_88' title='bbox 512 1576 652 1658; x_wconf 77' lang='grc' dir='ltr'><em>συνάγοι</em></span> <span class='ocrx_word' id='word_1_89' title='bbox 672 1574 689 1639; x_wconf 86' lang='grc' dir='ltr'>ὁ</span> <span class='ocrx_word' id='word_1_90' title='bbox 709 1576 905 1658; x_wconf 90' lang='grc' dir='ltr'><em>φιλόσοφος,</em></span> <span class='ocrx_word' id='word_1_91' title='bbox 928 1575 973 1652; x_wconf 79' lang='grc' dir='ltr'><em>ὡς</em></span> <span class='ocrx_word' id='word_1_92' title='bbox 991 1574 1041 1639; x_wconf 85' lang='grc' dir='ltr'><em>ὅτι</em></span> <span class='ocrx_word' id='word_1_93' title='bbox 1060 1575 1097 1638; x_wconf 90' lang='grc' dir='ltr'><em>τὸ</em></span> 
     </span>
     <span class='ocr_line' id='line_1_12' title="bbox 83 1676 1140 1765; baseline 0 -22"><span class='ocrx_word' id='word_1_94' title='bbox 83 1680 132 1763; x_wconf 81' lang='grc' dir='ltr'><em>μὴ</em></span> <span class='ocrx_word' id='word_1_95' title='bbox 155 1676 206 1743; x_wconf 80' lang='grc' dir='ltr'><em>άεὶ</em></span> <span class='ocrx_word' id='word_1_96' title='bbox 230 1678 272 1743; x_wconf 84' lang='grc' dir='ltr'><em>όν</em></span> <span class='ocrx_word' id='word_1_97' title='bbox 294 1680 350 1744; x_wconf 80' lang='grc' dir='ltr'><em>όιά</em></span> <span class='ocrx_word' id='word_1_98' title='bbox 373 1681 409 1743; x_wconf 91' lang='grc' dir='ltr'><em>τὸ</em></span> <span class='ocrx_word' id='word_1_99' title='bbox 428 1684 508 1765; x_wconf 80' lang='grc' dir='ltr'><em>μήτε</em></span> <span class='ocrx_word' id='word_1_100' title='bbox 527 1679 578 1746; x_wconf 81' lang='grc' dir='ltr'><em>άεὶ</em></span> <span class='ocrx_word' id='word_1_101' title='bbox 598 1676 682 1746; x_wconf 79' lang='grc' dir='ltr'><em>εἶναι</em></span> <span class='ocrx_word' id='word_1_102' title='bbox 700 1683 781 1764; x_wconf 73' lang='grc' dir='ltr'><em>μήτε</em></span> <span class='ocrx_word' id='word_1_103' title='bbox 796 1678 958 1763; x_wconf 75' lang='grc' dir='ltr'><em>μηδέποτε</em></span> <span class='ocrx_word' id='word_1_104' title='bbox 973 1680 1097 1764; x_wconf 80' lang='grc' dir='ltr'><em>ἀνάγκη</em></span> <span class='ocrx_word' id='word_1_105' title='bbox 1114 1705 1140 1744; x_wconf 81' lang='grc' dir='ltr'><em>ιο</em></span> 
     </span>
     <span class='ocr_line' id='line_1_13' title="bbox 83 1779 1099 1871; baseline 0 -23"><span class='ocrx_word' id='word_1_106' title='bbox 83 1781 166 1849; x_wconf 73' lang='grc' dir='ltr'><em>κοτὲ</em></span> <span class='ocrx_word' id='word_1_107' title='bbox 189 1779 275 1850; x_wconf 78' lang='grc' dir='ltr'><em>εἶναι</em></span> <span class='ocrx_word' id='word_1_108' title='bbox 298 1783 353 1850; x_wconf 81' lang='grc' dir='ltr'><em>καὶ</em></span> <span class='ocrx_word' id='word_1_109' title='bbox 375 1783 454 1851; x_wconf 75' lang='grc' dir='ltr'><em>κοτὲ</em></span> <span class='ocrx_word' id='word_1_110' title='bbox 477 1787 521 1871; x_wconf 81' lang='grc' dir='ltr'><em>μη</em></span> <span class='ocrx_word' id='word_1_111' title='bbox 545 1781 645 1869; x_wconf 82' lang='grc' dir='ltr'><em>εἶναι,</em></span> <span class='ocrx_word' id='word_1_112' title='bbox 673 1786 730 1850; x_wconf 81' lang='grc' dir='ltr'><em>ἵνα</em></span> <span class='ocrx_word' id='word_1_113' title='bbox 752 1795 809 1869; x_wconf 84' lang='grc' dir='ltr'><em>τῆς</em></span> <span class='ocrx_word' id='word_1_114' title='bbox 832 1794 892 1849; x_wconf 90' lang='grc' dir='ltr'><em>τοῦ</em></span> <span class='ocrx_word' id='word_1_115' title='bbox 918 1784 1000 1849; x_wconf 83' lang='grc' dir='ltr'><em>κοτέ</em></span> <span class='ocrx_word' id='word_1_116' title='bbox 1021 1786 1099 1870; x_wconf 79' lang='grc' dir='ltr'><em>δρά-</em></span> 
     </span>
     <span class='ocr_line' id='line_1_14' title="bbox 85 1889 1099 1979; baseline -0.001 -25"><span class='ocrx_word' id='word_1_117' title='bbox 85 1890 179 1973; x_wconf 82' lang='grc' dir='ltr'><em>ξηται</em></span> <span class='ocrx_word' id='word_1_118' title='bbox 201 1889 327 1975; x_wconf 80' lang='grc' dir='ltr'><em>λέξεως,</em></span> <span class='ocrx_word' id='word_1_119' title='bbox 351 1896 560 1979; x_wconf 87' lang='grc' dir='ltr'><em>συγχωρείτω</em></span> <span class='ocrx_word' id='word_1_120' title='bbox 580 1891 635 1958; x_wconf 81' lang='grc' dir='ltr'><em>καὶ</em></span> <span class='ocrx_word' id='word_1_121' title='bbox 653 1892 733 1977; x_wconf 72' lang='grc' dir='ltr'><em>ἡμῖν</em></span> <span class='ocrx_word' id='word_1_122' title='bbox 751 1893 810 1956; x_wconf 82' lang='grc' dir='ltr'><em>τὸν</em></span> <span class='ocrx_word' id='word_1_123' title='bbox 829 1891 1024 1974; x_wconf 91' lang='grc' dir='ltr'><em>σοφιστικὸν</em></span> <span class='ocrx_word' id='word_1_124' title='bbox 1043 1890 1099 1954; x_wconf 87' lang='grc' dir='ltr'><em>αύ-</em></span> 
     </span>
     <span class='ocr_line' id='line_1_15' title="bbox 84 1996 1100 2084; baseline -0.001 -23"><span class='ocrx_word' id='word_1_125' title='bbox 84 2006 148 2062; x_wconf 87' lang='grc' dir='ltr'><em>τοῦ</em></span> <span class='ocrx_word' id='word_1_126' title='bbox 161 1999 378 2082; x_wconf 83' lang='grc' dir='ltr'><em>μιμουμένοις</em></span> <span class='ocrx_word' id='word_1_127' title='bbox 392 2001 517 2084; x_wconf 77' lang='grc' dir='ltr'><em>τρόπον</em></span> <span class='ocrx_word' id='word_1_128' title='bbox 535 2001 655 2084; x_wconf 90' lang='grc' dir='ltr'><em>μικρόν</em></span> <span class='ocrx_word' id='word_1_129' title='bbox 674 2022 704 2062; x_wconf 88' lang='grc' dir='ltr'><em>τι</em></span> <span class='ocrx_word' id='word_1_130' title='bbox 722 1996 920 2083; x_wconf 76' lang='grc' dir='ltr'><em>προσπαίξαι</em></span> <span class='ocrx_word' id='word_1_131' title='bbox 938 1999 1100 2084; x_wconf 76' lang='grc' dir='ltr'><em>τῷλόγῳ·</em></span> 
     </span>
     <span class='ocr_line' id='line_1_16' title="bbox 84 2101 1100 2192; baseline -0.001 -24"><span class='ocrx_word' id='word_1_132' title='bbox 84 2107 195 2180; x_wconf 79' lang='grc' dir='ltr'><em>καλῶς</em></span> <span class='ocrx_word' id='word_1_133' title='bbox 219 2106 282 2190; x_wconf 82' lang='grc' dir='ltr'><em>γάρ</em></span> <span class='ocrx_word' id='word_1_134' title='bbox 302 2103 429 2192; x_wconf 76' lang='grc' dir='ltr'><em>Ὁμήρῳ</em></span> <span class='ocrx_word' id='word_1_135' title='bbox 453 2112 499 2192; x_wconf 78' lang='grc' dir='ltr'><em>τῷ</em></span> <span class='ocrx_word' id='word_1_136' title='bbox 519 2113 615 2191; x_wconf 77' lang='grc' dir='ltr'><em>σοφῷ</em></span> <span class='ocrx_word' id='word_1_137' title='bbox 635 2105 736 2188; x_wconf 75' lang='grc' dir='ltr'><em>δοκεῖ,</em></span> <span class='ocrx_word' id='word_1_138' title='bbox 761 2103 878 2169; x_wconf 83' lang='grc' dir='ltr'><em>ὁκοῖόν</em></span> <span class='ocrx_word' id='word_1_139' title='bbox 898 2101 926 2166; x_wconf 91' lang='grc' dir='ltr'><em>κ’</em></span> <span class='ocrx_word' id='word_1_140' title='bbox 946 2109 1033 2167; x_wconf 76' lang='grc' dir='ltr'><em>εἴκοι</em></span> <span class='ocrx_word' id='word_1_141' title='bbox 1051 2126 1100 2179; x_wconf 91' lang='grc' dir='ltr'><em>τις</em></span> 
     </span>
     <span class='ocr_line' id='line_1_17' title="bbox 84 2207 1140 2294; baseline 0.001 -19"><span class='ocrx_word' id='word_1_142' title='bbox 84 2214 176 2294; x_wconf 77' lang='grc' dir='ltr'><em>ἔπος,</em></span> <span class='ocrx_word' id='word_1_143' title='bbox 199 2215 293 2276; x_wconf 88' lang='grc' dir='ltr'><em>τοίου</em></span> <span class='ocrx_word' id='word_1_144' title='bbox 311 2209 341 2276; x_wconf 90' lang='grc' dir='ltr'><em>κ’</em></span> <span class='ocrx_word' id='word_1_145' title='bbox 365 2211 552 2277; x_wconf 78' lang='grc' dir='ltr'><em>ἐπακοῦσαι.</em></span> <span class='ocrx_word' id='word_1_146' title='bbox 590 2211 678 2288; x_wconf 81' lang='grc' dir='ltr'><em>ὅπως</em></span> <span class='ocrx_word' id='word_1_147' title='bbox 696 2207 760 2276; x_wconf 87' lang='grc' dir='ltr'><em>οὖν</em></span> <span class='ocrx_word' id='word_1_148' title='bbox 782 2212 819 2275; x_wconf 88' lang='grc' dir='ltr'><em>τὸ</em></span> <span class='ocrx_word' id='word_1_149' title='bbox 841 2211 951 2294; x_wconf 90' lang='grc' dir='ltr'><em>σοφὸν</em></span> <span class='ocrx_word' id='word_1_150' title='bbox 968 2211 1005 2274; x_wconf 89' lang='grc' dir='ltr'><em>τὸ</em></span> <span class='ocrx_word' id='word_1_151' title='bbox 1025 2207 1140 2276; x_wconf 59' lang='lat' dir='ltr'>{av-15</span> 
     </span>
     <span class='ocr_line' id='line_1_18' title="bbox 84 2315 580 2401; baseline 0.004 -21"><span class='ocrx_word' id='word_1_152' title='bbox 84 2325 148 2381; x_wconf 86' lang='grc' dir='ltr'><em>τοῦ</em></span> <span class='ocrx_word' id='word_1_153' title='bbox 171 2327 329 2394; x_wconf 82' lang='grc' dir='ltr'><em>νεανικῶς</em></span> <span class='ocrx_word' id='word_1_154' title='bbox 353 2315 580 2401; x_wconf 78' lang='grc' dir='ltr'><em>ἀποφεύξεται.</em></span> 
     </span>
    </p>

    <p class='ocr_par' dir='ltr' id='par_1_4' title="bbox 86 2420 1142 3572">
     <span class='ocr_line' id='line_1_19' title="bbox 153 2420 1099 2510; baseline -0.001 -23"><span class='ocrx_word' id='word_1_155' title='bbox 153 2421 198 2505; x_wconf 80' lang='grc' dir='ltr'><em>β’.</em></span> <span class='ocrx_word' id='word_1_156' title='bbox 218 2420 351 2508; x_wconf 59' lang='lat' dir='ltr'>&#39;auum</span> <span class='ocrx_word' id='word_1_157' title='bbox 375 2425 438 2509; x_wconf 85' lang='grc' dir='ltr'><em>γὰρ</em></span> <span class='ocrx_word' id='word_1_158' title='bbox 461 2433 522 2489; x_wconf 86' lang='grc' dir='ltr'><em>τοῦ</em></span> <span class='ocrx_word' id='word_1_159' title='bbox 546 2427 668 2510; x_wconf 93' lang='grc' dir='ltr'><em>χρόνου</em></span> <span class='ocrx_word' id='word_1_160' title='bbox 691 2425 728 2488; x_wconf 88' lang='grc' dir='ltr'><em>τὸ</em></span> <span class='ocrx_word' id='word_1_161' title='bbox 752 2420 814 2507; x_wconf 71' lang='grc' dir='ltr'><em>μὲν</em></span> <span class='ocrx_word' id='word_1_162' title='bbox 833 2420 1039 2509; x_wconf 71' lang='grc' dir='ltr'><em>παρῴχηκεν,</em></span> <span class='ocrx_word' id='word_1_163' title='bbox 1062 2423 1099 2486; x_wconf 87' lang='grc' dir='ltr'><em>τὸ</em></span> 
     </span>
     <span class='ocr_line' id='line_1_20' title="bbox 86 2520 1100 2615; baseline -0.002 -22"><span class='ocrx_word' id='word_1_164' title='bbox 86 2525 127 2593; x_wconf 73' lang='grc' dir='ltr'><em>δὲ</em></span> <span class='ocrx_word' id='word_1_165' title='bbox 149 2528 275 2612; x_wconf 80' lang='grc' dir='ltr'><em>μέλλει,</em></span> <span class='ocrx_word' id='word_1_166' title='bbox 301 2532 503 2615; x_wconf 82' lang='grc' dir='ltr'><em>πότεροντὸ</em></span> <span class='ocrx_word' id='word_1_167' title='bbox 527 2529 649 2613; x_wconf 88' lang='grc' dir='ltr'><em>μέλλον</em></span> <span class='ocrx_word' id='word_1_168' title='bbox 672 2538 731 2593; x_wconf 91' lang='grc' dir='ltr'><em>τοῦ</em></span> <span class='ocrx_word' id='word_1_169' title='bbox 755 2532 878 2614; x_wconf 88' lang='grc' dir='ltr'><em>χρόνου</em></span> <span class='ocrx_word' id='word_1_170' title='bbox 903 2520 977 2592; x_wconf 85' lang='grc' dir='ltr'><em>οἷον</em></span> <span class='ocrx_word' id='word_1_171' title='bbox 999 2527 1018 2611; x_wconf 78' lang='grc' dir='ltr'><em>ἡ</em></span> <span class='ocrx_word' id='word_1_172' title='bbox 1043 2529 1100 2592; x_wconf 88' lang='grc' dir='ltr'><em>αύ-</em></span> 
     </span>
     <span class='ocr_line' id='line_1_21' title="bbox 87 2632 1099 2721; baseline -0.003 -21"><span class='ocrx_word' id='word_1_173' title='bbox 87 2659 165 2720; x_wconf 89' lang='grc' dir='ltr'><em>ριον</em></span> <span class='ocrx_word' id='word_1_174' title='bbox 187 2635 292 2721; x_wconf 82' lang='grc' dir='ltr'><em>ἡμέρα</em></span> <span class='ocrx_word' id='word_1_175' title='bbox 315 2639 405 2701; x_wconf 80' lang='grc' dir='ltr'><em>ἔσται</em></span> <span class='ocrx_word' id='word_1_176' title='bbox 431 2632 510 2700; x_wconf 74' lang='grc' dir='ltr'><em>ποτὲ</em></span> <span class='ocrx_word' id='word_1_177' title='bbox 538 2634 557 2718; x_wconf 72' lang='grc' dir='ltr'>ἢ</span> <span class='ocrx_word' id='word_1_178' title='bbox 587 2635 641 2714; x_wconf 85' lang='grc' dir='ltr'><em>ού;</em></span> <span class='ocrx_word' id='word_1_179' title='bbox 670 2636 699 2699; x_wconf 84' lang='grc' dir='ltr'><em>ελ</em></span> <span class='ocrx_word' id='word_1_180' title='bbox 727 2637 789 2719; x_wconf 86' lang='grc' dir='ltr'><em>γάρ</em></span> <span class='ocrx_word' id='word_1_181' title='bbox 817 2636 860 2719; x_wconf 77' lang='grc' dir='ltr'><em>μὴ</em></span> <span class='ocrx_word' id='word_1_182' title='bbox 889 2633 943 2698; x_wconf 88' lang='grc' dir='ltr'><em>άεί</em></span> <span class='ocrx_word' id='word_1_183' title='bbox 968 2634 1099 2717; x_wconf 81' lang='grc' dir='ltr'><em>ἐστινὴ</em></span> 
     </span>
     <span class='ocr_line' id='line_1_22' title="bbox 87 2738 1142 2828; baseline -0.002 -22"><span class='ocrx_word' id='word_1_184' title='bbox 87 2743 224 2827; x_wconf 79' lang='grc' dir='ltr'><em>αὔριον,</em></span> <span class='ocrx_word' id='word_1_185' title='bbox 250 2739 329 2807; x_wconf 74' lang='grc' dir='ltr'><em>ποτὲ</em></span> <span class='ocrx_word' id='word_1_186' title='bbox 353 2744 456 2807; x_wconf 83' lang='grc' dir='ltr'><em>ἔσται·</em></span> <span class='ocrx_word' id='word_1_187' title='bbox 484 2749 530 2828; x_wconf 76' lang='grc' dir='ltr'><em>τῷ</em></span> <span class='ocrx_word' id='word_1_188' title='bbox 553 2742 615 2826; x_wconf 87' lang='grc' dir='ltr'><em>γάρ</em></span> <span class='ocrx_word' id='word_1_189' title='bbox 643 2739 765 2823; x_wconf 80' lang='grc' dir='ltr'><em>κοτέῆ</em></span> <span class='ocrx_word' id='word_1_190' title='bbox 789 2742 826 2804; x_wconf 91' lang='grc' dir='ltr'><em>τὸ</em></span> <span class='ocrx_word' id='word_1_191' title='bbox 850 2739 904 2804; x_wconf 86' lang='grc' dir='ltr'><em>άεί</em></span> <span class='ocrx_word' id='word_1_192' title='bbox 924 2738 1100 2805; x_wconf 84' lang='grc' dir='ltr'><em>άντικείσε-</em></span> <span class='ocrx_word' id='word_1_193' title='bbox 1114 2766 1142 2805; x_wconf 78' lang='grc' dir='ltr'><em>ιο</em></span> 
     </span>
     <span class='ocr_line' id='line_1_23' title="bbox 87 2844 1101 2934; baseline 0.002 -22"><span class='ocrx_word' id='word_1_194' title='bbox 87 2872 142 2912; x_wconf 90' lang='grc' dir='ltr'><em>ται</em></span> <span class='ocrx_word' id='word_1_195' title='bbox 165 2847 185 2931; x_wconf 76' lang='grc' dir='ltr'>ἢ</span> <span class='ocrx_word' id='word_1_196' title='bbox 209 2849 247 2912; x_wconf 82' lang='grc' dir='ltr'><em>τό</em></span> <span class='ocrx_word' id='word_1_197' title='bbox 268 2848 427 2913; x_wconf 75' lang='grc' dir='ltr'><em>οὐδέκοτε</em></span> <span class='ocrx_word' id='word_1_198' title='bbox 446 2845 531 2934; x_wconf 84' lang='grc' dir='ltr'><em>(τοῖς</em></span> <span class='ocrx_word' id='word_1_199' title='bbox 550 2850 612 2933; x_wconf 86' lang='grc' dir='ltr'><em>γάρ</em></span> <span class='ocrx_word' id='word_1_200' title='bbox 633 2847 736 2911; x_wconf 88' lang='grc' dir='ltr'><em>αὐτοῦ</em></span> <span class='ocrx_word' id='word_1_201' title='bbox 755 2849 916 2932; x_wconf 83' lang='grc' dir='ltr'><em>χρήσομαι</em></span> <span class='ocrx_word' id='word_1_202' title='bbox 935 2844 1101 2934; x_wconf 71' lang='grc' dir='ltr'><em>ῥήμασιν).</em></span> 
     </span>
     <span class='ocr_line' id='line_1_24' title="bbox 87 2949 1101 3041; baseline 0 -23"><span class='ocrx_word' id='word_1_203' title='bbox 87 2955 120 3018; x_wconf 74' lang='grc' dir='ltr'><em>εἰ</em></span> <span class='ocrx_word' id='word_1_204' title='bbox 143 2949 207 3019; x_wconf 86' lang='grc' dir='ltr'><em>ούν</em></span> <span class='ocrx_word' id='word_1_205' title='bbox 230 2951 385 3041; x_wconf 80' lang='grc' dir='ltr'><em>ἑκάτερον</em></span> <span class='ocrx_word' id='word_1_206' title='bbox 407 2955 531 3031; x_wconf 75' lang='grc' dir='ltr'><em>ψεῦδος</em></span> <span class='ocrx_word' id='word_1_207' title='bbox 554 2952 605 3041; x_wconf 87' lang='grc' dir='ltr'><em>(τὸ</em></span> <span class='ocrx_word' id='word_1_208' title='bbox 626 2955 688 3038; x_wconf 85' lang='grc' dir='ltr'><em>γάρ</em></span> <span class='ocrx_word' id='word_1_209' title='bbox 707 2952 829 3037; x_wconf 87' lang='grc' dir='ltr'><em>μέλλον</em></span> <span class='ocrx_word' id='word_1_210' title='bbox 847 2954 923 3016; x_wconf 83' lang='grc' dir='ltr'><em>ούτε</em></span> <span class='ocrx_word' id='word_1_211' title='bbox 942 2952 996 3017; x_wconf 84' lang='grc' dir='ltr'><em>άεί</em></span> <span class='ocrx_word' id='word_1_212' title='bbox 1012 2952 1101 3018; x_wconf 79' lang='grc' dir='ltr'><em>ἐστιν</em></span> 
     </span>
     <span class='ocr_line' id='line_1_25' title="bbox 87 3055 1100 3145; baseline 0.001 -21"><span class='ocrx_word' id='word_1_213' title='bbox 87 3061 167 3125; x_wconf 75' lang='grc' dir='ltr'><em>οὔτε</em></span> <span class='ocrx_word' id='word_1_214' title='bbox 199 3058 373 3141; x_wconf 79' lang='grc' dir='ltr'><em>οὐδέποτε,</em></span> <span class='ocrx_word' id='word_1_215' title='bbox 407 3060 476 3125; x_wconf 75' lang='grc' dir='ltr'><em>ἐπεὶ</em></span> <span class='ocrx_word' id='word_1_216' title='bbox 508 3058 614 3126; x_wconf 82' lang='grc' dir='ltr'><em>οὐκέτ’</em></span> <span class='ocrx_word' id='word_1_217' title='bbox 645 3059 687 3124; x_wconf 85' lang='grc' dir='ltr'><em>άν</em></span> <span class='ocrx_word' id='word_1_218' title='bbox 718 3055 761 3142; x_wconf 77' lang='grc' dir='ltr'><em>ἦν</em></span> <span class='ocrx_word' id='word_1_219' title='bbox 792 3057 942 3145; x_wconf 83' lang='grc' dir='ltr'><em>μέλλον),</em></span> <span class='ocrx_word' id='word_1_220' title='bbox 975 3059 1100 3144; x_wconf 79' lang='grc' dir='ltr'><em>ἀνάγκη</em></span> 
     </span>
     <span class='ocr_line' id='line_1_26' title="bbox 86 3161 1101 3252; baseline 0 -20"><span class='ocrx_word' id='word_1_221' title='bbox 86 3167 220 3243; x_wconf 76' lang='grc' dir='ltr'><em>πάντως</em></span> <span class='ocrx_word' id='word_1_222' title='bbox 243 3163 322 3231; x_wconf 74' lang='grc' dir='ltr'><em>ποτὲ</em></span> <span class='ocrx_word' id='word_1_223' title='bbox 346 3161 440 3231; x_wconf 78' lang='grc' dir='ltr'><em>εἶναι.</em></span> <span class='ocrx_word' id='word_1_224' title='bbox 487 3168 515 3231; x_wconf 80' lang='grc' dir='ltr'><em>ελ</em></span> <span class='ocrx_word' id='word_1_225' title='bbox 539 3161 661 3231; x_wconf 86' lang='grc' dir='ltr'><em>οὖντὸ</em></span> <span class='ocrx_word' id='word_1_226' title='bbox 684 3165 767 3230; x_wconf 84' lang='grc' dir='ltr'><em>κοτέ</em></span> <span class='ocrx_word' id='word_1_227' title='bbox 787 3169 909 3252; x_wconf 88' lang='grc' dir='ltr'><em>χρόνου</em></span> <span class='ocrx_word' id='word_1_228' title='bbox 933 3165 1023 3232; x_wconf 75' lang='grc' dir='ltr'><em>ἐστὶν</em></span> <span class='ocrx_word' id='word_1_229' title='bbox 1044 3168 1101 3249; x_wconf 76' lang='grc' dir='ltr'><em>δη-</em></span> 
     </span>
     <span class='ocr_line' id='line_1_27' title="bbox 86 3269 1142 3357; baseline 0 -20"><span class='ocrx_word' id='word_1_230' title='bbox 86 3275 241 3356; x_wconf 82' lang='grc' dir='ltr'><em>λωτικόν,</em></span> <span class='ocrx_word' id='word_1_231' title='bbox 268 3270 323 3337; x_wconf 81' lang='grc' dir='ltr'><em>καὶ</em></span> <span class='ocrx_word' id='word_1_232' title='bbox 351 3273 388 3336; x_wconf 91' lang='grc' dir='ltr'><em>τὸ</em></span> <span class='ocrx_word' id='word_1_233' title='bbox 411 3272 533 3356; x_wconf 85' lang='grc' dir='ltr'><em>μέλλον</em></span> <span class='ocrx_word' id='word_1_234' title='bbox 556 3269 593 3337; x_wconf 72' lang='grc' dir='ltr'><em>δὲ</em></span> <span class='ocrx_word' id='word_1_235' title='bbox 620 3281 680 3337; x_wconf 89' lang='grc' dir='ltr'><em>τοῦ</em></span> <span class='ocrx_word' id='word_1_236' title='bbox 708 3275 831 3357; x_wconf 91' lang='grc' dir='ltr'><em>χρόνου</em></span> <span class='ocrx_word' id='word_1_237' title='bbox 859 3275 978 3356; x_wconf 87' lang='grc' dir='ltr'><em>χρόνος</em></span> <span class='ocrx_word' id='word_1_238' title='bbox 1001 3271 1101 3356; x_wconf 78' lang='grc' dir='ltr'><em>ἐστίν,</em></span> <span class='ocrx_word' id='word_1_239' title='bbox 1115 3296 1142 3337; x_wconf 78' lang='grc' dir='ltr'><em>ιι</em></span> 
     </span>
     <span class='ocr_line' id='line_1_28' title="bbox 86 3373 1101 3465; baseline -0.004 -20"><span class='ocrx_word' id='word_1_240' title='bbox 86 3382 179 3446; x_wconf 79' lang='grc' dir='ltr'><em>ἔσται</em></span> <span class='ocrx_word' id='word_1_241' title='bbox 204 3380 267 3465; x_wconf 75' lang='grc' dir='ltr'><em>ἄρα</em></span> <span class='ocrx_word' id='word_1_242' title='bbox 290 3381 424 3465; x_wconf 88' lang='grc' dir='ltr'><em>χρόνος,</em></span> <span class='ocrx_word' id='word_1_243' title='bbox 450 3378 503 3443; x_wconf 85' lang='grc' dir='ltr'><em>ὅτε</em></span> <span class='ocrx_word' id='word_1_244' title='bbox 527 3381 617 3444; x_wconf 82' lang='grc' dir='ltr'><em>ἔσται</em></span> <span class='ocrx_word' id='word_1_245' title='bbox 641 3381 767 3464; x_wconf 92' lang='grc' dir='ltr'><em>χρόνος.</em></span> <span class='ocrx_word' id='word_1_246' title='bbox 813 3376 863 3455; x_wconf 80' lang='grc' dir='ltr'><em>τὶς</em></span> <span class='ocrx_word' id='word_1_247' title='bbox 886 3373 949 3443; x_wconf 85' lang='grc' dir='ltr'><em>οὖν</em></span> <span class='ocrx_word' id='word_1_248' title='bbox 972 3381 1101 3462; x_wconf 91' lang='grc' dir='ltr'><em>χρόνος,</em></span> 
     </span>
     <span class='ocr_line' id='line_1_29' title="bbox 87 3475 1100 3572; baseline 0 -22"><span class='ocrx_word' id='word_1_249' title='bbox 87 3485 128 3551; x_wconf 78' lang='grc' dir='ltr'><em>ἐν</em></span> <span class='ocrx_word' id='word_1_250' title='bbox 150 3478 178 3572; x_wconf 68' lang='grc' dir='ltr'><em>ᾧ</em></span> <span class='ocrx_word' id='word_1_251' title='bbox 203 3485 220 3550; x_wconf 87' lang='grc' dir='ltr'>ὁ</span> <span class='ocrx_word' id='word_1_252' title='bbox 244 3485 373 3569; x_wconf 85' lang='grc' dir='ltr'><em>μέλλων</em></span> <span class='ocrx_word' id='word_1_253' title='bbox 396 3487 515 3570; x_wconf 90' lang='grc' dir='ltr'><em>χρόνος</em></span> <span class='ocrx_word' id='word_1_254' title='bbox 538 3475 612 3549; x_wconf 86' lang='grc' dir='ltr'><em>οἷον</em></span> <span class='ocrx_word' id='word_1_255' title='bbox 634 3485 654 3568; x_wconf 80' lang='grc' dir='ltr'><em>ἡ</em></span> <span class='ocrx_word' id='word_1_256' title='bbox 679 3485 797 3569; x_wconf 82' lang='grc' dir='ltr'><em>αὔριον</em></span> <span class='ocrx_word' id='word_1_257' title='bbox 821 3487 918 3549; x_wconf 83' lang='grc' dir='ltr'><em>ἔσται.</em></span> <span class='ocrx_word' id='word_1_258' title='bbox 964 3483 1018 3548; x_wconf 83' lang='grc' dir='ltr'><em>καλ</em></span> <span class='ocrx_word' id='word_1_259' title='bbox 1040 3485 1100 3550; x_wconf 82' lang='grc' dir='ltr'><em>πά-</em></span> 
     </span>
    </p>
   </div>
   <div class='ocr_carea' id='block_1_4' title="bbox 164 3638 1101 3765">
    <p class='ocr_par' dir='ltr' id='par_1_5' title="bbox 164 3638 1101 3765">
     <span class='ocr_line' id='line_1_30' title="bbox 164 3638 1101 3765; baseline 0.001 -69"><span class='ocrx_word' id='word_1_260' title='bbox 164 3647 188 3697; x_wconf 78' lang='lat'><em>³.</em></span> <span class='ocrx_word' id='word_1_261' title='bbox 208 3643 372 3714; x_wconf 74' lang='grc' dir='ltr'><em>ακρ[αι]φες</em></span> <span class='ocrx_word' id='word_1_262' title='bbox 390 3642 420 3696; x_wconf 86' lang='grc' dir='ltr'>Μ</span> <span class='ocrx_word' id='word_1_263' title='bbox 483 3647 506 3696; x_wconf 85' lang='grc'><em>6.</em></span> <span class='ocrx_word' id='word_1_264' title='bbox 527 3642 658 3764; x_wconf 60' lang='grc' dir='ltr'><em>ουἬῙν</em></span> <span class='ocrx_word' id='word_1_265' title='bbox 676 3641 705 3694; x_wconf 87' lang='grc' dir='ltr'><strong>Μ</strong></span> <span class='ocrx_word' id='word_1_266' title='bbox 771 3647 793 3695; x_wconf 75' lang='grc'><em>7.</em></span> <span class='ocrx_word' id='word_1_267' title='bbox 814 3638 858 3694; x_wconf 79' lang='grc' dir='ltr'><em>ἀεί</em></span> <span class='ocrx_word' id='word_1_268' title='bbox 877 3641 941 3694; x_wconf 73' lang='lat' dir='ltr'>add.</span> <span class='ocrx_word' id='word_1_269' title='bbox 1002 3642 1101 3765; x_wconf 55' lang='grc' dir='ltr'><em>εσχχιῖν</em></span> 
     </span>
    </p>
   </div>
   <div class='ocr_carea' id='block_1_5' title="bbox 89 3711 1115 3855">
    <p class='ocr_par' dir='ltr' id='par_1_6' title="bbox 89 3711 1115 3855">
     <span class='ocr_line' id='line_1_31' title="bbox 90 3711 1005 3784; baseline -0.003 -17"><span class='ocrx_word' id='word_1_270' title='bbox 90 3711 124 3767; x_wconf 80' lang='grc' dir='ltr'>Μ</span> <span class='ocrx_word' id='word_1_271' title='bbox 195 3718 220 3769; x_wconf 83' lang='grc'><em>8.</em></span> <span class='ocrx_word' id='word_1_272' title='bbox 239 3721 289 3767; x_wconf 79' lang='grc' dir='ltr'><em>τοῦ</em></span> <span class='ocrx_word' id='word_1_273' title='bbox 308 3712 501 3784; x_wconf 77' lang='lat' dir='ltr'><strong>(cf.107,16)]</strong></span> <span class='ocrx_word' id='word_1_274' title='bbox 520 3732 569 3766; x_wconf 84' lang='grc' dir='ltr'><em>τοι</em></span> <span class='ocrx_word' id='word_1_275' title='bbox 623 3712 718 3781; x_wconf 73' lang='grc' dir='ltr'><em>ςτὸρ</em></span> <span class='ocrx_word' id='word_1_276' title='bbox 791 3718 831 3765; x_wconf 85' lang='grc'><em>13,</em></span> <span class='ocrx_word' id='word_1_277' title='bbox 850 3711 1005 3779; x_wconf 83' lang='grc' dir='ltr'><em>τιροοτιεξαι</em></span> 
     </span>
     <span class='ocr_line' id='line_1_32' title="bbox 89 3782 1115 3855; baseline 0.001 -17"><span class='ocrx_word' id='word_1_278' title='bbox 89 3790 134 3838; x_wconf 79' lang='grc'><em>14.</em></span> <span class='ocrx_word' id='word_1_279' title='bbox 154 3782 233 3838; x_wconf 86' lang='lat' dir='ltr'>Hom.</span> <span class='ocrx_word' id='word_1_280' title='bbox 253 3787 278 3838; x_wconf 77' lang='lat' dir='ltr'><em>T</em></span> <span class='ocrx_word' id='word_1_281' title='bbox 289 3789 342 3837; x_wconf 76' lang='lat'><em>250</em></span> <span class='ocrx_word' id='word_1_282' title='bbox 360 3782 482 3838; x_wconf 82' lang='grc' dir='ltr'><em>ότιιοτον</em></span> <span class='ocrx_word' id='word_1_283' title='bbox 500 3783 550 3853; x_wconf 82' lang='lat' dir='ltr'><strong>(sic</strong></span> <span class='ocrx_word' id='word_1_284' title='bbox 564 3782 678 3852; x_wconf 86' lang='lat' dir='ltr'>plurimi</span> <span class='ocrx_word' id='word_1_285' title='bbox 693 3783 787 3855; x_wconf 82' lang='lat' dir='ltr'><strong>codd.;</strong></span> <span class='ocrx_word' id='word_1_286' title='bbox 807 3782 907 3840; x_wconf 81' lang='grc' dir='ltr'><em>ὁκοῖον</em></span> <span class='ocrx_word' id='word_1_287' title='bbox 920 3782 995 3840; x_wconf 67' lang='lat' dir='ltr'><em>Ven.</em></span> <span class='ocrx_word' id='word_1_288' title='bbox 1005 3782 1034 3838; x_wconf 66' lang='lat' dir='ltr'><strong>B</strong></span> <span class='ocrx_word' id='word_1_289' title='bbox 1047 3783 1115 3855; x_wconf 59' lang='grc' dir='ltr'><em>εϊὶὴ</em></span> 
     </span>
    </p>
   </div>
   <div class='ocr_carea' id='block_1_6' title="bbox 83 3852 1059 3988">
    <p class='ocr_par' dir='ltr' id='par_1_7' title="bbox 83 3852 1059 3988">
     <span class='ocr_line' id='line_1_33' title="bbox 89 3852 1059 3936; baseline 0.005 -27"><span class='ocrx_word' id='word_1_290' title='bbox 89 3853 120 3909; x_wconf 80' lang='grc' dir='ltr'><em>κ’</em></span> <span class='ocrx_word' id='word_1_291' title='bbox 138 3853 261 3925; x_wconf 68' lang='grc' dir='ltr'><em>εἴπῃσθα</em></span> <span class='ocrx_word' id='word_1_292' title='bbox 278 3854 347 3919; x_wconf 73' lang='grc' dir='ltr'><em>ἔτος,</em></span> <span class='ocrx_word' id='word_1_293' title='bbox 369 3853 446 3908; x_wconf 74' lang='grc' dir='ltr'><em>τοῖόν</em></span> <span class='ocrx_word' id='word_1_294' title='bbox 462 3852 493 3907; x_wconf 80' lang='grc' dir='ltr'><em>κ’</em></span> <span class='ocrx_word' id='word_1_295' title='bbox 506 3853 679 3921; x_wconf 73' lang='grc' dir='ltr'><em>ἐπακούσαις</em></span> <span class='ocrx_word' id='word_1_296' title='bbox 792 3864 835 3917; x_wconf 76' lang='lat'><em>20.</em></span> <span class='ocrx_word' id='word_1_297' title='bbox 855 3877 927 3936; x_wconf 67' lang='lat' dir='ltr'><em>pag.</em></span> <span class='ocrx_word' id='word_1_298' title='bbox 941 3865 1011 3933; x_wconf 63' lang='lat' dir='ltr'><em>m,</em></span> <span class='ocrx_word' id='word_1_299' title='bbox 1022 3865 1059 3915; x_wconf 58' lang='grc' dir='ltr'><em>λλ)</em></span> 
     </span>
     <span class='ocr_line' id='line_1_34' title="bbox 83 3922 441 3988; baseline 0.011 -16"><span class='ocrx_word' id='word_1_300' title='bbox 83 3927 125 3972; x_wconf 77' lang='lat'><em>27.</em></span> <span class='ocrx_word' id='word_1_301' title='bbox 140 3923 275 3988; x_wconf 63' lang='lat' dir='ltr'><em>musolf,</em></span> <span class='ocrx_word' id='word_1_302' title='bbox 295 3936 331 3972; x_wconf 72' lang='lat' dir='ltr'><em>ex</em></span> <span class='ocrx_word' id='word_1_303' title='bbox 347 3940 386 3988; x_wconf 79' lang='grc' dir='ltr'><em>ον,</em></span> <span class='ocrx_word' id='word_1_304' title='bbox 405 3922 441 3975; x_wconf 81' lang='grc' dir='ltr'><em>Μ</em></span> 
     </span>
    </p>
   </div>
   <div class='ocr_carea' id='block_1_7' title="bbox 0 0 1207 4208">
    <p class='ocr_par' dir='ltr' id='par_1_8' title="bbox 0 0 1207 4208">
     <span class='ocr_line' id='line_1_35' title="bbox 0 0 1207 4208; baseline 0 0"><span class='ocrx_word' id='word_1_305' title='bbox 0 0 1207 4208; x_wconf 95' lang='lat' dir='ltr'><em> </em></span> 
     </span>
    </p>
   </div>
  </div>
 </body>
</html>
