2394 4208
634 53 687 80 ’.ὑ

37 248 59 259 »,,
577 67 709 249 m

81 573 204 629 x1111a.
221 575 266 646 ιι]
349 573 397 628 DE
416 572 673 628 κοτεειυιεκεο
692 573 814 629 ιιιιιοι
1026 573 1091 639 511

82 737 158 819 ’τὴν
183 740 342 820 πλείστην
370 736 463 802 ῐὺέαν
491 736 526 801 έκ
551 737 657 822 πυρὸς
680 736 907 823 ἀπειργάζετο,
931 737 1019 814 ὅπως
1042 737 1093 802 ὅτι

83 844 315 927 λαμπρότατον
347 844 434 909 ίὺείν
465 866 500 907 τε
530 844 708 908 κάλλιστον
740 849 805 927 είη,
842 851 888 932 τῳ
926 841 962 909 δὲ
994 841 1093 908 παντὶ

81 950 310 1032 προσεικάζων
333 951 497 1014 εύκυκλον
521 949 640 1033 ἐποίει,
663 953 799 1032 τίθησίν
822 973 856 1014 τε
880 951 927 1028 είς
949 952 1010 1034 τὴν
1032 959 1093 1015 τοῦ

82 1060 259 1140 κρατίστου
288 1059 456 1141 φρόνησιν
483 1055 597 1144 ἐκείνῳ
626 1053 850 1140 ξυνεπόμενον
877 1060 991 1141 νείμας
1018 1055 1093 1142 περὶ

81 1161 190 1225 πάντα
225 1163 334 1250 κύκλῳ
372 1163 431 1227 τὸν
467 1162 616 1249 οὐρανὸν
647 1164 774 1246 κόσμον
806 1161 972 1245 ἀληθινὸν
1004 1164 1093 1251 αὐτῷ
1120 1189 1134 1230 ε

81 1264 469 1351 πεποικιλμένονεῖναί.

150 1372 211 1439 δι’.
236 1373 306 1439 Ὅτι
335 1372 397 1459 μὲν
424 1370 487 1440 οὖν
515 1374 550 1440 ἐκ
577 1379 734 1440 πλείστου
763 1376 869 1461 πυρὸς
891 1376 931 1441 τὰ
954 1376 1095 1462 οὐράνια

81 1480 262 1565 συνέστηκε
289 1483 437 1566 σώματα,
465 1494 580 1565 σαφῶς
607 1481 626 1547 ὁ
656 1483 798 1546 Πλάτων
826 1487 965 1567 είρηκεν.
1011 1483 1031 1547 ἃ
1057 1483 1097 1548 δέ

82 1605 188 1671 φησιν
206 1585 432 1673 Ἀριστοτέλης
451 1587 488 1653 ἐν
505 1597 552 1676 τῳ
570 1591 689 1676 πρώτῳ
715 1599 782 1652 τῶν
803 1594 1094 1675 μετεωρολογικῶν

82 1693 235 1777 ἀναιρεῖν
249 1693 424 1779 ἐπιχειρῶν
442 1695 479 1759 τὸ
499 1694 535 1759 έκ
552 1696 659 1781 πυρὸς
677 1695 875 1760 συνεστάναι
894 1696 935 1759 τά
953 1696 1094 1781 οὐράνια
1108 1722 1135 1760 ιο

83 1800 231 1885 σώματα,
255 1797 357 1865 οὐδέν
380 1800 563 1884 ἀναγκαίου
586 1804 674 1886 ἔχειν
701 1826 757 1886 μοι
786 1806 953 1885 φαίνεται·
990 1802 1094 1887 φησίν

51 1978 54 1983 ,
84 1907 163 1991 γάρ,
186 1907 246 1989 ὡς,
270 1908 299 1971 εί
322 1907 425 1992 πύρια
448 1903 491 1990 ἦν
513 1909 553 1972 τὰ
576 1907 728 1993 οὐράνια,
746 1908 852 1972 πάντα
876 1907 918 1972 ἂν
936 1908 1036 1972 πάλαι
1054 1910 1094 1973 τὰ

82 2013 183 2077 ε”νὺον
202 2011 400 2095 κατέφλεξεν
424 2014 479 2079 διὰ
502 2014 540 2078 τὸ
563 2019 676 2101 πολλςὸ
698 2013 873 2100 ὑπερέχειν
895 2023 940 2101 τῷ
959 2013 1094 2099 μεγέθει

82 2130 150 2182 τῶν
178 2119 271 2196 ἐντὸς
299 2119 466 2184 ἁπάντων·
502 2121 523 2204 ἡ
552 2122 614 2205 γάρ
642 2130 702 2185 τοῦ
725 2122 831 2207 πυρὸς
854 2121 956 2205 φύσις
978 2119 1033 2185 καὶ
1057 2120 1094 2186 έν

84 2224 234 2290 ἐλάττονι
258 2221 342 2291 οὖσα
365 2228 452 2314 ὄγκῳ
477 2227 593 2291 διὰτὸ
617 2227 819 2313 δραστήριον
842 2238 899 2312 τῆς
922 2228 1094 2313 δυνάμεως
1108 2251 1135 2292 ιι

83 2330 138 2396 καὶ
162 2334 201 2396 τὰ
223 2337 336 2420 πολλῷ
359 2334 493 2416 μεγέθει
517 2332 719 2419 ὑπερέχοντα
742 2337 924 2417 κατακαίει,
943 2336 987 2418 μή
1005 2337 1040 2398 τί
1056 2357 1093 2418 γε

83 2436 138 2502 καὶ
162 2438 199 2503 ἐν
217 2444 330 2526 πολλῷ
349 2443 473 2523 μείζονι
493 2442 581 2527 όγκῳ
599 2441 823 2524 τυγχάνουσα·
846 2439 900 2505 καὶ
919 2441 979 2505 τὸν
997 2442 1094 2524 ἥλιον

84 2541 121 2609 δέ
144 2549 250 2628 μόνον
272 2544 349 2610 καθ’
373 2546 476 2611 αὑτὸν
498 2545 554 2611 καὶ
576 2550 722 2624 πολλοὺς
740 2558 807 2611 τῶν
826 2547 983 2611 ἀπλανῶν
1001 2545 1094 2611 άστέ-

83 2674 153 2734 ρων
176 2656 288 2739 πολλῷ
311 2657 462 2736 μείζονας
485 2648 570 2718 εἶναι
589 2662 647 2737 τῆς
665 2663 725 2737 γῆς
744 2653 960 2739 ἀστρονόμων
978 2654 1094 2730 παῖδες

81 2758 277 2842 βούλονται,
304 2763 349 2843 μή
377 2764 411 2824 τί
437 2783 473 2842 γε
501 2762 579 2836 τοὺς
607 2758 744 2844 ἀστέρας
771 2761 838 2843 ἅμα
862 2759 866 2846 λ
890 2761 1014 2838 πάντας
1025 2777 1062 2817 101-
1071 2779 1137 2818 21⁴v·

82 2862 137 2928 καὶ
161 2865 218 2940 τὰς
242 2869 385 2949 σφαίρας
408 2865 523 2948 αὐτάς,
547 2864 584 2929 ἐν
607 2856 659 2942 αἷς
677 2866 912 2950 καθίδρυνται·
936 2866 1093 2953 άσύγκρι-
1107 2893 1132 2933 ιι

82 2994 139 3046 τος
162 2965 225 3035 οὑν
247 2971 267 3054 ἡ
291 2980 351 3036 τοῦ
375 2971 523 3056 οὐρανοῦ
545 2971 629 3057 πρὸς
652 2972 691 3036 τά
715 2970 808 3048 έντὸς
830 2972 984 3058 ὑπεροχή.
1023 2985 1094 3051 πῶς

82 3075 124 3140 άν
152 3072 215 3141 οὖν
243 3077 399 3162 άντέσχεν
427 3080 467 3143 τά
495 3077 602 3162 έντός,
630 3076 735 3161 φησὶν
763 3076 1040 3164 δ’Λριστοτέλης,
1064 3081 1094 3145 εἰ

82 3183 186 3269 πόρια
213 3180 255 3267 ἦν
283 3186 322 3248 τὰ
349 3185 505 3269 οὐράνια;
543 3181 611 3248 ἀλλ’
642 3187 733 3249 ἔστιν
755 3185 838 3270 πρὸς
862 3185 964 3250 αὑτὸν
988 3187 1093 3251 εἰπεῖν

80 3300 215 3374 πρῶτον
241 3290 313 3374 μέν,
342 3290 391 3355 ὅτι
421 3287 500 3355 οὐδὲ
528 3291 627 3368 αὐτὸς
655 3294 697 3355 σὺ
725 3293 845 3375 ταύτης
873 3302 930 3376 τῆς
954 3292 1135 3379 άπορίαςιι

83 3395 176 3473 έκτὸς
198 3396 381 3474 πέπτωκας·
405 3399 466 3480 τὴν
485 3399 547 3481 γὰρ
567 3406 627 3463 τοῦ
645 3397 752 3483 πυρὸς
771 3396 910 3482 ὁλότητα
928 3397 1093 3484 περιέχειν

80 3504 120 3565 τά
142 3505 241 3567 λοιπὰ
260 3515 405 3587 στοιχεῖα
423 3503 742 3596 βουλόμενος,όπερ
761 3509 871 3582 καλεῖς
889 3504 1093 3588 ὑπέκκαυμα,

153 3773 176 3820 1.
197 3767 366 3836 άπεργαζετο
385 3766 414 3819 Μ
498 3772 521 3820 ὅ.
542 3766 665 3834 ούρανὸν
683 3767 768 3840 Plan}
788 3769 886 3824 &W
905 3768 935 3820 M
1025 3766 1092 3832 άλη-

80 3837 228 3890 θεινονΜ
314 3844 336 3891 9.
357 3837 441 3891 Arist.
462 3840 577 3895 meteor.
598 3843 707 3909 Aap.
722 3845 832 3894 3401ss
919 3837 1115 3900 ffifzwm-

67 3920 164 3992 λάάται
184 3922 286 4004 τέαιδες
302 3943 336 3994 Μ
