2394 4208
10 33 832 340 -

51 516 94 570 το
108 518 139 589 η
323 515 371 570 οε
389 466 648 570 mmmmm
664 513 787 571 mm
999 514 1065 578 ιιι

52 678 200 764 γαστέρα
218 678 395 764 ἐργάζεται.
431 679 534 743 πάλιν
551 676 581 743 θ’
600 673 642 743 αὑ
660 676 716 743 καὶ
735 677 771 742 έκ
793 680 944 763 μείζονος
962 677 1066 763 ὄγκου

54 788 105 863 είς
132 785 290 851 ἐλάττονα
316 786 512 870 μεταβάλλει
538 787 749 869 τὰσώματα,
777 785 857 850 ὄταν
879 787 919 863 τά
941 789 1067 870 κουφό-

51 917 135 976 τερα
171 894 218 968 εῑς
249 894 290 956 τὰ
320 892 488 977 βαρύτερα
523 893 723 978 μεταβάλλῃ·
762 894 869 969 πολὺς
903 893 967 978 γάρ
1004 892 1067 979 ἀὴρ

52 999 288 1082 πυκνούμενος
315 999 363 1075 είς
390 997 562 1082 ἐλάχιστον
588 998 711 1076 ὄθατος
737 1003 928 1083 μεταπίπτει
951 997 1068 1082 ὄγκον·

54 1107 103 1182 ὡς
131 1106 194 1190 γάρ
224 1105 261 1168 τὸ
290 1105 399 1190 βραχὺ
426 1104 517 1189 ὕδωρ
547 1105 594 1182 εἰς
620 1108 729 1169 πολὺν
756 1104 837 1190 ἀέρα
862 1105 1069 1189 μεταβάλλον
1096 1131 1109 1171 ι

54 1213 189 1297 ὁρᾶται,
213 1211 319 1287 οὑτως
342 1210 466 1295 ἀνάγκη
490 1208 545 1274 καί
568 1212 676 1275 πολύν
693 1235 768 1275 τινα
786 1210 883 1296 ἀέρος
901 1210 1005 1296 ὄγκον
1022 1214 1070 1289 είς

56 1317 179 1383 ἑαυτὸν
202 1320 472 1401 συμπιλούμενόν
494 1340 529 1381 τε
551 1316 606 1381 καὶ
630 1318 849 1396 συνιζάνοντα
868 1319 915 1395 είς
933 1321 1070 1384 ἔλαττον

53 1425 201 1509 μέγεθος
223 1424 346 1500 ὄβατος
368 1424 596 1508 μεταβάλλειν.
642 1425 671 1488 εἰ
695 1419 732 1488 δέ
754 1425 836 1507 μήτε
857 1424 1070 1510 προσθέσεως

56 1529 237 1615 γινομένης
269 1530 304 1595 έκ
335 1538 465 1615 μικροῦ
490 1553 522 1594 τι
553 1533 702 1613 γίγνεται
738 1528 822 1614 μέγα
853 1534 933 1615 μήτε
965 1529 994 1596 θ’
1027 1527 1069 1598 αὖ

55 1637 265 1722 ἀφαιρέσεως
297 1635 333 1700 έκ
364 1637 510 1720 μεγάλου
542 1639 676 1722 μικρόν,
714 1638 822 1701 ἔοικεν
853 1639 917 1722 ἀρα
947 1636 1003 1703 καί
1032 1640 1069 1703 τὸ
1085 1664 1111 1704 ιο

54 1753 153 1829 τριχῇ
182 1743 359 1808 θιαστατὸν
386 1747 567 1826 γίγνεσθαί
590 1742 702 1807 τεκαὶ
726 1746 944 1829 φθείρεσθαι·
981 1745 1011 1809 ελ
1033 1742 1071 1809 ὑὲ

55 1859 174 1933 τοῦτο,
215 1847 270 1913 καί
310 1849 512 1915 ὑποκεῖσθαι
553 1849 642 1937 αὐτῷ
679 1850 740 1932 τὴν
776 1849 951 1933 ἀσώματον
986 1851 1072 1935 ὕλην

57 1957 187 2039 ἀνάγκη
216 1956 272 2020 διά
299 1956 337 2020 τὸ
360 1957 401 2020 τά
422 1956 670 2040 μεταβάλλοντα
691 1956 799 2020 πάντα
821 1955 858 2021 ἐν
880 1964 983 2045 κοινῷ
1005 1981 1071 2021 τινι

56 2061 266 2148 ὑποκειμένῳ
289 2063 516 2146 μεταβάλλειν,
539 2062 584 2138 ὄις
602 2061 773 2127 δέδεικται.
807 2071 911 2128 ταῦτα
928 2059 990 2148 μὲν
1009 2058 1072 2128 οὖν

40 2176 150 2234 ,εῖποι
181 2169 223 2233 ἀν
252 2191 302 2244 τις
332 2170 380 2244 εἰς
408 2171 613 2254 συνηγορίαν
639 2177 700 2233 τοῦ
727 2166 782 2232 καί
809 2177 856 2256 τῷ
883 2179 977 2255 τριχῇ
1001 2170 1112 2236 δια-ιι

57 2283 168 2362 στατῷ
198 2275 259 2358 τὴν
288 2274 464 2358 ἀσώματον
492 2274 692 2340 ὑποκεῖσθαι
721 2274 808 2358 ὑλην
832 2277 836 2360 Ι
860 2275 915 2340 καὶ
946 2277 990 2361 μὴ
1014 2293 1054 2333 ¹01.
1062 2294 1124 2334 1⁷1¹·

59 2377 148 2446 εἶναι
185 2381 265 2445 αὐτὸ
303 2382 365 2463 τὴν
399 2381 535 2466 πρώτην
566 2391 634 2445 τῶν
665 2382 826 2465 σωμάτων
856 2382 950 2467 ὕλην.
995 2380 1066 2447 ἀλλ’

58 2489 155 2572 ἡμεῖς
182 2487 245 2571 ἤθη
274 2487 414 2570 δυνάμει
441 2485 495 2551 καὶ
518 2487 579 2570 τὴν
603 2486 746 2573 ἀπορίαν
767 2489 892 2572 ταύτην
914 2488 1071 2555 έπελυσά-

57 2600 163 2678 μεθα·
187 2599 322 2678 είπομεν
345 2594 422 2679 γάρ,
446 2593 491 2670 ὡς
512 2593 549 2657 τὸ
573 2595 693 2679 μικρὸν
715 2591 830 2659 καὶτὸ
854 2595 937 2678 μέγα
958 2597 1069 2681 πρώτη

60 2701 210 2786 διαφορά
228 2700 318 2766 έστιν
336 2702 494 2785 σώματος.
530 2700 640 2786 ὥσπερ
665 2695 728 2766 οὖν
751 2701 828 2766 οότε
849 2702 870 2786 ἡ
894 2701 930 2767 ἐκ
951 2700 1072 2788 βαρέος
1085 2728 1120 2768 ιο·

60 2809 111 2884 εἰς
133 2808 171 2871 τὸ
194 2815 326 2890 κοῦφον
347 2807 511 2890 μεταβολὴ
535 2807 611 2870 οὔτε
634 2806 654 2889 ἡ
674 2805 709 2871 έκ
726 2813 858 2892 θερμοῦ
876 2809 924 2884 εἰς
941 2809 1072 2894 ψυχρὸν

59 2922 124 2978 τοῦ
156 2914 320 2997 σώματος,
351 2905 372 2996 ᾗ
406 2913 499 2996 σῶμά
535 2911 639 2996 ἐστιν,
675 2914 861 2996 μεταβολὴν
896 2912 1072 2999 ἐργάζεται,

61 3021 170 3096 οὕτως
199 3015 279 3084 οὐδὲ
301 3018 321 3102 ἡ
345 3017 381 3083 έκ
403 3027 524 3104 μικροῦ
547 3020 595 3096 εἰς
616 3017 700 3102 μέγα
722 3015 803 3084 οὐδὲ
824 3019 845 3103 ἡ
868 3018 904 3084 έκ
926 3022 1071 3104 μεγάλου

62 3128 113 3202 εἰς
139 3125 259 3211 μικρὸν
286 3123 414 3208 γένεσίς
442 3124 532 3191 ε’στιν
557 3123 578 3209 ἢ
607 3126 723 3211 φθορά
745 3126 908 3210 σώματος,
935 3119 957 3211 ᾗ
980 3128 1073 3212 σῶμά

63 3232 164 3315 ἐστιν,
184 3230 253 3296 ἐπεὶ
272 3227 352 3297 οὐδὲ
369 3231 390 3315 ἡ
410 3229 544 3315 αὔξησις
566 3231 602 3297 έκ
624 3233 667 3316 μὴ
692 3233 841 3316 σώματος
863 3243 956 3317 σῶμα
978 3233 1073 3318 έργά-
1087 3257 1121 3300 ιτς

64 3344 166 3422 ζεται,
194 3337 277 3402 ἀλλά
304 3348 362 3423 τῆς
388 3347 450 3404 τοῦ
478 3340 627 3423 σώματος
650 3339 792 3422 φύσεως,
813 3332 835 3422 ᾗ
858 3340 951 3424 σῶμά
973 3339 1072 3424 έστιν,

63 3445 292 3529 ἀμεταβλήτου
324 3446 489 3528 μενούσης
517 3452 564 3531 τῷ
593 3453 687 3532 ποσῷ
716 3447 821 3527 μόνον
850 3444 870 3528 ἡ
901 3447 982 3510 κατά
1012 3447 1074 3528 τὴν

64 3549 205 3635 αὔξησιν
240 3551 404 3634 μεταβολὴ
440 3554 670 3636 προστίθησιν.
724 3559 771 3639 τῷ
807 3551 896 3638 αὑτῷ
933 3552 973 3635 θη
1011 3547 1075 3617 οὖν

63 3660 176 3744 τρόπῳ
206 3655 269 3721 κάν
299 3659 525 3743 φθειρόμενον
554 3658 591 3721 τὸ
621 3658 712 3742 ὕδωρ
744 3659 790 3734 εἰς
819 3661 952 3743 μείζονα
978 3681 1073 3742 μετα-

140 3822 181 3869 11.
201 3815 373 3955 γιγνεσθφαι]
392 3813 422 3868 Μ
468 3821 510 3871 15.
528 3813 602 3888 πλοῖ,
620 3830 656 3869 ex
674 3834 719 3885 ουῚ
734 3813 768 3869 Μ
811 3817 1096 3884 Χυρομοὶηοῶ
1144 3811 1147 3815 ’

136 3891 171 3936 29
182 3903 222 3952 sq.
238 3904 310 3954 μετα
327 3886 434 3958 alilah
451 3886 483 3942 M
1121 3911 1124 3914 ⁴

103 3980 212 4021 Ioum
224 3983 384 4026 Ρωοεοιιοι
399 3987 437 4029 ed.
452 3988 543 4035 Baba.
919 3978 959 4027 Ἣ
