2394 4208
10 37 899 339 -‘⁸

102 538 207 613 5112]
372 538 421 595 DE
439 539 699 596 AETERNITATE
716 540 839 597 MVNDI
1053 542 1116 608 161

100 713 161 789 γης
179 703 426 788 συγκείμενος’·
444 699 552 770 πάντα
570 706 633 791 γάρ
648 709 786 790 μᾶλλον,
801 701 874 790 ἐμοὶ
889 705 992 790 δοκεῖ,
1007 704 1119 790 λέγειν
1166 683 1172 696 ’

101 811 299 897 αἱρήσονται
327 809 349 894 ή
384 811 447 895 τήν
478 810 589 896 4διπλῆν
617 810 673 878 καὶ
704 811 813 897 ἀληθῆ
843 821 904 878 τοῦ
936 813 1118 892 Πλάτωνος

102 916 260 982 διάνοιαν
282 915 535 995 καταδέξασθαι.
573 916 644 983 ἀλλ’
664 915 765 984 οὐδὲν
783 920 952 985 σύνθετον
971 919 1007 985 ἐκ
1024 920 1118 998 τινδς

100 1024 275 1107 σύγκειται
308 1022 385 1089 ἀλλ”
412 1023 448 1090 έν
479 1035 596 1091 τινῶν·
627 1035 698 1103 πῶς
729 1020 793 1092 οὖν
824 1043 930 1111 φησιν
959 1023 1027 1091 <ἀνί
1060 1025 1117 1112 ἀρ·

101 1140 162 1215 γης
184 1154 278 1208 τινος
296 1129 500 1216 ἀρξάμενος’,
517 1130 690 1198 τουτέστιν
708 1135 939 1216 συγκείμενος;
962 1134 992 1198 εί
1011 1130 1052 1215 δέ
1065 1156 1117 1211 τις
1143 1161 1157 1203 ι

100 1236 209 1322 ἀρχὴν
232 1235 381 1303 ἐνταῦθα
399 1240 507 1323 μόνην
525 1239 587 1323 τήν
604 1241 780 1324 ποιητικήν
799 1238 934 1305 ἀκούειν
947 1240 1116 1325 βούλοιτο,

99 1345 261 1428 δηλονότι
284 1347 351 1428 καί,
374 1344 428 1410 ὅτε
452 1348 567 1428 ἔλεγεν
587 1340 642 1429 “ήν
660 1343 711 1411 ἀεὶ
730 1344 889 1429 γενέσεως
907 1345 1013 1431 ἀρχὴν
1032 1349 1117 1431 ἔχων

100 1451 292 1536 οὐδεμίαν,
327 1450 434 1537 ἀρχὴν
466 1453 569 1518 πάλιν
596 1453 659 1537 τήν
686 1453 863 1536 ποιητικὴν
892 1451 1115 1537 ἀκουσόμεθα

98 1558 205 1624 πάλιν
223 1558 269 1636 ὡς
288 1556 452 1642 ἑπόμενον
470 1557 489 1623 ὁ
505 1558 648 1623 Πλάτων
667 1559 848 1643 λαμβάνων
860 1568 931 1636 τοῖς
945 1557 996 1624 ἀεὶ
1016 1553 1115 1626 οὖσιν

98 1667 139 1730 τὸ
166 1665 333 1750 μηδεμίαν
361 1666 450 1749 ἔχειν
471 1666 648 1749 ποιητικήν
671 1664 777 1751 ἀρχὴν
799 1667 885 1749 μόνα
907 1666 947 1729 τδ
971 1666 1115 1750 αλσδητά
1129 1694 1155 1733 10

99 1789 209 1856 φησιν
237 1771 304 1836 ὑπὸ
333 1781 507 1856 ποιητικῆς
537 1773 644 1849 αἰτίας
671 1768 862 1855 γεγονέναι,
889 1781 957 1836 τῶν
984 1782 1115 1856 νοητῶν

100 1875 140 1943 δὲ
163 1875 274 1943 οὐδέν.
312 1878 395 1943 ὥστε
416 1879 532 1962 μόνων
553 1887 622 1942 τῶν
645 1878 817 1961 αἰσθητῶν
840 1875 932 1941 ἐστιν
955 1877 1115 1963 δημιουρ·

98 1985 162 2071 γὸς
190 1983 208 2050 δ
236 1986 332 2069 θεός,
359 1985 487 2069 ἀναρχα
515 1980 551 2048 δὲ
579 1981 652 2048 κατ’
677 1986 788 2049 αἰτίαν
809 1985 850 2048 τά
872 1983 976 2066 νοητά
997 1983 1114 2069 πάντα,

98 2086 152 2158 ὧν
180 2090 236 2157 καὶ
265 2090 286 2175 ή
316 2089 458 2177 ἡμετέρα
485 2090 625 2176 ὑπάρχει
656 2093 754 2175 ψυχή.
807 2091 837 2155 εί
866 2093 984 2155 τοίνυν
1013 2097 1116 2155 ταῦτα

97 2198 223 2283 ἄτοπα,
252 2197 314 2262 οὐκ
341 2196 465 2283 ἄρατὸ
489 2194 555 2261 ‘cin'
579 2195 680 2282 ἀρχῆς
702 2220 794 2273 τινος
817 2194 1008 2282 ἀρξάμενος’
1033 2197 1115 2263 κατά
1129 2221 1154 2264 ιι

99 2326 135 2369 τι
161 2315 229 2368 τῶν
257 2301 290 2381 ἒξ
320 2304 437 2369 αἰτίων
459 2305 586 2386 ἔλαβεν.
632 2304 718 2368 ὥστε
741 2303 805 2368 ἀπὸ
829 2305 953 2389 χρόνον
976 2304 1036 2368 τὸν
1059 2305 1113 2369 κό-

101 2427 190 2494 σμον
211 2419 272 2476 τοῦ
296 2405 382 2475 εἶναι
405 2407 571 2496 ἄρξασθαι
594 2409 612 2475 δ
634 2410 777 2474 Πλάτων
798 2410 968 2492 βούλεται·
991 2411 1020 2475 εἰ
1039 2410 1113 2497 γάρ,

98 2516 149 2594 ὡς
170 2523 217 2605 τῷ
236 2520 424 2606 Πορφυρίφ
448 2521 556 2594 καλῶς
578 2515 702 2601 ἔδοξεν,
725 2514 840 2601 μηδεὶς
862 2525 1026 2582 τοσοῦτον
1047 2527 1115 2583 τῶν

101 2633 240 2709 φρενῶν
263 2621 444 2708 ἐξέστηκεν,
471 2624 515 2701 ὡς
538 2623 648 2707 λέγειν
671 2622 925 2704 ἀσυλλογίστοις
947 2626 1115 2706 λήμμασιν

98 2735 285 2816 κεχρῆσθαι
312 2729 373 2793 τὸν
397 2728 577 2812 Πλάτωνα,
600 2733 713 2816 πολλῷ
737 2729 846 2813 δήπου
869 2730 996 2811 μᾶλλον
1018 2729 1154 2806 κενδςιο

99 2834 146 2900 ἂν
173 2839 223 2919 είη
252 2845 388 2920 φρενῶν
415 2834 434 2900 ὁ
462 2836 617 2912 τοιαύτας
638 2832 818 2911 ὑποθέσεις
839 2833 1023 2916 λαμβάνειν
1046 2835 1115 2900 οἰό-

99 2964 203 3027 μενος
233 2942 413 3025 Πλάτωνα,
445 2942 491 3019 ὡς
521 2944 625 3026 μυρία
657 2940 771 3017 αὐταῖς
802 2937 848 3025 πῂ
879 2935 942 3023 μὲν
973 2938 1115 3023 γέλωτος

100 3044 179 3124 ἄξια
205 3045 346 3113 ἕπεσθαι
372 3046 418 3133 πή
446 3045 483 3113 δὲ
511 3047 701 3133 ἀτοπώτερα
727 3047 834 3129 πάσης
861 3045 1013 3147 ἀτοπίας,
1036 3046 1114 3113 ἀκύ-

99 3177 177 3240 ροις
199 3176 234 3218 τε
256 3154 384 3233 λέξεσιν
406 3153 514 3238 λέγων
535 3160 718 3241 κεχρῆσθαι
741 3150 796 3217 καὶ
820 3151 1010 3236 δμωνάμοις
1032 3154 1113 3220 ἀνευ

94 3270 162 3345 τῆς
188 3262 317 3326 τούτων
345 3262 393 3338 εἰς
419 3263 459 3326 τὰ
482 3263 709 3345 σημαινόμενα
731 3261 771 3324 τὰ
793 3260 899 3324 οἰκεία
922 3256 1114 3345 διαιρέσεως
1127 3284 1154 3328 ω

97 3365 160 3434 καὶ
186 3378 244 3452 τῆς
270 3364 332 3453 μέν
355 3369 529 3452 συνήθους
552 3371 713 3452 σημασίας
735 3376 803 3430 τῶν
826 3363 946 3442 λέξεων
969 3364 1113 3449 ἀμελεῖν,

94 3471 173 3541 κατ’
205 3475 317 3540 ἀλλων
351 3471 389 3540 δὲ
423 3472 676 3558 σημαινομένων
706 3471 823 3557 φέρειν
851 3473 909 3549 τὰς
938 3469 1041 3549 λέξεις
1069 3473 1113 3556 μή

98 3579 323 3666 έγνωσμένων
349 3591 420 3658 τοῖς
441 3577 611 3665 Ἕλλησιν·
641 3582 689 3657 είς
716 3586 820 3643 ταῦτα
848 3580 911 3664 γὰρ
941 3576 1115 3662 ἀπήγαγον

95 3688 139 3754 αἱ
155 3685 347 3773 θαυμασταὶ
367 3681 464 3752 αὗται
482 3685 662 3764 ὑποθέσεις
678 3687 739 3751 τὸν
754 3684 927 3751 Πλάτωνα
956 3685 1033 3750 οὔτε
1051 3686 1115 3772 ἀρα

175 3850 218 3900 14,
237 3844 391 3913 mella),
416 3859 452 3899 ex
472 3865 502 3916 η,
520 3844 555 3901 M
645 3850 690 3905 15.
709 3845 742 3905 τὸ
763 3863 909 3923 superser.
925 3865 959 3904 m
975 3844 1052 3903 w.

91 3919 136 3968 τε,
155 3913 192 3966 ef.
203 3927 268 3979 pag.
284 3919 344 3977 ιιι,
365 3919 403 3967 17

128 4004 235 4044 tamn
245 4004 405 4052 vamm
418 4012 455 4055 od.
470 4014 514 4060 Bt
522 4019 561 4064 Ιιι.
952 4021 997 4074 ss
