2394 4208
14 34 844 320 m

561 158 576 193 1
609 172 616 189 n

76 571 127 624 XV
142 572 170 641 2]
341 570 389 623 DE
408 569 666 625 AETERNITATE
685 571 807 627 MVNDI
1019 575 1085 638 555

77 737 216 819 άαειρον
239 737 363 818 χρόνον
386 731 437 817 ἐφ’
462 732 598 818 ἑκάτερα
621 733 660 798 ὂν
683 734 703 818 ἢ
723 737 760 800 τὸ
779 737 860 800 κατὰ
878 736 1004 820 θάτερα
1021 733 1085 820 μὲν

78 841 182 926 ἀρχὴν
206 845 283 925 ἔχον
305 842 387 904 κατὰ
409 842 536 925 θάτερα
559 837 596 905 δὲ
618 842 795 925 τελευτήν’.
842 843 903 928 ὅρα
922 843 995 927 γάρ,
1013 854 1084 920 πῶς

76 951 259 1032 προχείρως
288 948 449 1030 λαμβάνει
479 948 516 1010 τὸ
547 942 632 1011 εἶναι
661 949 721 1012 τὸν
748 952 872 1033 χρόνον
900 947 948 1012 ἐπ’
976 949 1083 1033 ἀμφό-

76 1077 154 1138 τερα
178 1055 324 1138 ἄπειρον.
369 1057 488 1136 καίτοι,
512 1055 607 1138 εἰμὴ
631 1055 670 1118 τά
694 1054 782 1142 αὐτῷ
807 1056 973 1120 δοκοῦντα
993 1059 1082 1122 Πλά-

76 1184 157 1224 τωνι
186 1157 222 1223 δὲ
249 1165 377 1243 μᾶλλον
404 1161 658 1239 κατασκευάζειν
680 1161 852 1244 ἠβούλετο,
876 1163 984 1247 ὥσπερ
1009 1167 1082 1228 ἔλα·
1109 1187 1123 1229 τ

76 1269 137 1347 βεν
165 1266 227 1330 άπὸ
253 1268 433 1343 Πλάτωνος
460 1267 496 1330 τὸ
525 1267 598 1331 δεῖν
624 1267 742 1351 ὅμοιον
765 1263 851 1331 εἶναι
874 1269 933 1333 τὸν
956 1272 1083 1354 κόσμον

74 1381 120 1458 τῷ
148 1374 402 1458 παραδείγματι,
431 1373 536 1450 οὕτως
559 1374 625 1438 ἔδει
651 1371 770 1457 δεῖξαι,
794 1375 823 1438 εί
846 1373 900 1439 καὶ
924 1375 984 1440 τὸν
1006 1379 1082 1461 χρό-

75 1504 137 1543 νον
164 1482 308 1565 άτιειρον,
331 1478 391 1566 ἔλεγ’
421 1477 556 1564 ἑκάτερα
583 1475 669 1544 εἶναι
693 1480 710 1544 6
736 1481 879 1544 Πλάτων
901 1483 1002 1564 ηβού-
1024 1500 1135 1541 tonsu.

75 1591 160 1669 λετο,
188 1586 231 1651 ἵν’
260 1587 346 1651 οὕτω
375 1587 495 1650 λοιπὸν
522 1585 648 1650 ἐκτῶν
671 1587 774 1652 αὐτοῦ
799 1588 979 1664 Πλάτωνος
1002 1606 1081 1653 συν-

76 1695 182 1779 αγάγη
210 1695 416 1778 προτάσεων,
445 1693 511 1776 ὅτι,
540 1695 569 1757 εί
597 1694 698 1778 ταύτῃ
722 1694 886 1777 ὡμοίωται
910 1701 956 1782 τῷ
979 1717 1081 1781 καρα-
1096 1723 1122 1762 ιο

77 1803 225 1883 δείγματι
255 1800 273 1864 6
301 1803 424 1883 κόσμος
450 1807 496 1888 τῷ
525 1798 562 1863 ἐν
588 1798 687 1863 παντὶ
715 1808 761 1887 τῷ
784 1803 893 1886 χρόνῳ
917 1796 1013 1884 εἶναι,
1038 1802 1082 1879 ὡς

76 1906 183 1970 ἐκεῖνο
211 1908 271 1970 τὸν
296 1908 404 1970 πάντα
432 1907 537 1970 αἰῶνά
560 1904 661 1989 ἐστιν,
689 1906 707 1971 6
732 1902 768 1970 δὲ
791 1909 912 1991 χρόνος
936 1905 988 1991 ἐφ’
1012 1905 1082 1972 ἑκά-

74 2038 152 2097 τερα
175 2016 310 2097 ἄπειρος
333 2014 414 2077 κατὰ
440 2014 621 2095 Πλάτωνα,
645 2011 770 2096 ἀνάγκη
795 2012 849 2077 καὶ
872 2014 932 2077 τὸν
955 2016 1082 2098 κόσμον

75 2119 126 2202 ἐφ’
151 2119 285 2205 ἑκάτερα
308 2130 346 2205 τῇ
371 2119 501 2205 άτιειρίςι
520 2128 579 2183 τοῦ
598 2122 722 2204 χρόνου
742 2124 1081 2204 συμπαρατείνεσθαι’

74 2236 138 2290 νῦν
171 2223 206 2290 δὲ
238 2227 327 2311 παρὰ
358 2227 538 2302 Πλάτωνος
570 2234 668 2290 τοῦτο
702 2226 870 2290 δεικνύειν
902 2226 963 2291 οὐκ
995 2231 1080 2313 ἔχων
1095 2253 1121 2295 ιι

73 2334 172 2409 αὐτὸς
196 2339 333 2397 οἴκοθεν
353 2335 470 2415 ἔλαβεν
489 2330 747 2415 ἀναποδείκτως,
767 2332 817 2396 ὅτι
836 2334 971 2418 ἄπειρός
990 2333 1081 2400 ἐστιν

75 2437 127 2521 ἐφ’
152 2438 287 2524 ἑκάτερα
310 2439 328 2502 6
352 2441 480 2523 χρόνος.
526 2437 577 2502 ότι
601 2434 637 2502 δὲ
662 2437 723 2502 οὐκ
747 2433 832 2502 εἶναι
857 2439 995 2524 άτιειρον
1023 2440 1075 2524 ἐφ’

72 2543 207 2629 ἑκάτερα
230 2547 289 2609 τὸν
313 2548 436 2630 χρόνον
459 2543 476 2609 ὁ
497 2545 640 2608 Πλάτων
662 2542 755 2631 ςόετο,
775 2542 807 2621 ἐξ
831 2544 942 2609 αὐτῶν
965 2547 1080 2633 δῆλον,

73 2648 121 2716 ὧν
150 2652 249 2728 αὐτὸς
276 2653 356 2736 ἡμῖν
379 2651 523 2715 Πλάτων
548 2649 624 2737 περὶ
648 2660 707 2715 τοῦ
731 2653 854 2736 χρόνον
877 2657 1079 2736 πεφυσιολό-

75 2778 187 2841 γηκεν·
226 2758 367 2843 ’χρόνος
396 2759 473 2843 γάρ,
502 2762 616 2841 φησίν,
645 2755 724 2840 “μετ’
753 2757 901 2842 οὐρανοῦ
931 2758 1121 2845 γίγονεν,ιο

74 2863 116 2927 ἵν’
146 2867 211 2948 ἅμα
239 2863 436 2947 γενηθέντες
464 2866 529 2948 ἅμα
551 2861 606 2927 καὶ
630 2868 793 2946 λυθῶσιν,
817 2864 859 2927 &v
881 2886 960 2929 ποτε
983 2868 1080 2944 λύσις

73 2998 122 3048 τις
147 2972 256 3035 αὐτῶν
281 2970 425 3053 γε’νηται’
449 2968 503 3034 καὶ
526 2971 628 3034 πάλιν
651 2969 784 3054 εἡμέρας
803 2972 865 3055 γὰρ
884 2968 938 3034 καὶ
957 2972 1079 3049 νύκτας

73 3078 126 3143 καὶ
152 3078 325 3153 ἐνιαυτοὺς
349 3077 409 3141 οὐκ
433 3079 531 3153 ὄντας
553 3074 634 3161 πρὶν
657 3076 804 3160 οὐρανὸν
827 3076 985 3159 γενέσθαι
1004 3081 1078 3143 τότε

72 3187 138 3266 ἅμα
166 3184 280 3271 ἐκείνῳ
308 3183 534 3271 συνισταμένη]
562 3185 624 3265 τὴν
646 3182 778 3266 γένεσιν
802 3183 912 3248 αὐτῶν
933 3195 1077 3268 μηχανᾶ-

71 3291 144 3354 ταί.
190 3293 219 3354 εί
244 3285 306 3354 οὖν
329 3292 395 3374 ἅμα
418 3290 551 3377 οὐρανῷ
574 3288 713 3372 γέγονεν
736 3289 754 3352 6
777 3291 897 3375 χρόνος
920 3289 974 3354 καλ
998 3289 1120 3375 κρίνα

75 3396 230 3479 γενέσθαι
255 3397 316 3462 οὐκ
339 3393 392 3480 ἦν,
415 3397 474 3460 τὸν
498 3393 534 3460 δὲ
558 3396 706 3479 οὐρανὸν
733 3394 907 3478 γεγονέναι
930 3395 993 3479 μέν
1015 3421 1078 3480 φη-

72 3522 128 3567 σιν
160 3502 212 3567 ἀπ’
244 3503 345 3588 άρχῆς
376 3527 467 3579 τινος
502 3500 686 3587 ἀρξάμενον
716 3500 770 3565 καὶ
803 3505 846 3587 μὴ
881 3498 966 3567 εἶναι
997 3501 1079 3588 πρὶν

143 3738 183 3785 10.
203 3733 232 3784 M
250 3750 278 3784 m
299 3738 311 3785 1
333 3732 369 3785 ad
387 3751 472 3799 ταντη
492 3735 548 3785 not.
568 3747 668 3800 marga
697 3751 768 3784 κατα
786 3750 867 3785 τουτο
972 3732 1077 3799 ὡμοιω-

68 3805 154 3924 χχαιλ,
183 3821 216 3857 ex
245 3822 270 3869 ε,
298 3803 327 3856 Μ
436 3808 476 3855 17.
503 3802 659 3929 απειροηχλ,
685 3817 719 3855 ex
744 3823 774 3869 ς,
799 3802 831 3854 Μ
935 3807 987 3851 (ιω.
1006 3802 1094 3849 m.

91 3874 135 3928 im.
162 3874 225 3926 38B
333 3880 373 3928 21.
401 3871 590 3946 γεννηθέντες
633 3873 692 3930 λῦλι,
799 3879 851 3924 Ἦ..
872 3862 1119 3938 ηὶηοτητωιῖὠι.

127 3944 199 3996 Ρίαό.
224 3943 292 3999 Tim.
314 3946 381 4000 37D
