2394 4208
72 558 163 612 XVIII
178 557 206 627 9]
341 557 389 613 DE
408 557 665 612 ΔΕΤΕΒΝΙΤΑΤΕ
683 557 806 612 MVNDI
1018 555 1083 619 639

76 733 223 803 γενητῶν
255 727 400 806 εἴρηκεν,
432 732 548 806 σαφῶς
578 720 799 808 παρέστησεν,
831 721 876 797 ὡς
906 715 998 787 οἶδεν
1028 719 1083 785 καί

75 826 208 911 ἑτέρους
235 829 339 904 θεοὺς
366 829 507 910 νοητοὺς
534 851 569 893 τε
594 826 650 893 καί
678 830 837 911 γενητοὺς
865 827 1082 913 ὑπάρχοντας.

75 934 185 1017 ὥσπερ
209 928 273 998 οὖν
294 941 340 1020 τῷ
364 933 473 1023 ὁρατῷ
495 935 533 999 τὸ
556 935 679 1018 νοητὸν
702 933 891 1018 ἀντίκειται,
918 936 1005 1000 οὕτω
1028 934 1083 1000 καί

75 1049 121 1127 τῷ
145 1047 272 1127 γενητῷ
295 1041 331 1104 τὸ
357 1039 526 1123 ἀγένητον.
572 1042 601 1105 εἰ
625 1035 688 1104 οὖν
710 1043 789 1118 τοὺς
812 1040 953 1128 ὁρατοὺς
979 1045 1083 1118 θεοὺς

76 1144 145 1211 κατ’
170 1148 279 1210 αἰτίαν
302 1148 408 1230 μόνον
431 1148 591 1229 γενητοὺς
613 1142 699 1210 εἶναι
727 1148 898 1229 βούλεται,
925 1146 980 1212 καί
1008 1173 1083 1231 νοη-
1110 1173 1125 1214 ι

75 1258 153 1329 τοὺς
183 1255 247 1338 ίίρα
275 1256 377 1329 θεοὺς
405 1251 586 1336 ἀγενήτους
613 1254 711 1328 ὄντας
738 1249 806 1316 κατ’
830 1255 940 1317 αἰτίαν
968 1253 1083 1338 ἀγενή-

75 1385 155 1437 τονς
183 1356 268 1424 εἰναι
296 1361 465 1442 βούλεται·
501 1367 547 1446 τῷ
575 1358 638 1444 γὰρ
665 1356 734 1423 κατ’
758 1360 869 1424 αἰτίαν
895 1368 1022 1447 γενητῷ
1045 1361 1082 1425 τὸ

75 1466 143 1531 κατ’
168 1468 277 1531 αἰτίαν
300 1466 478 1531 ἀντίκειται
503 1464 672 1549 ἀγένητον.
710 1467 739 1531 εἰ
762 1463 800 1531 δὲ
823 1468 855 1530 οἱ
874 1464 988 1550 νοητοί
1007 1465 1084 1530 θεολ

76 1572 144 1638 κατ’
178 1575 288 1638 αἰτίαν
320 1571 406 1638 εἰσίν
438 1571 606 1656 ἀγένητοι,
643 1571 754 1649 οὐδεὶς
786 1574 850 1657 ἄρα
882 1572 992 1637 αὐτῶν
1023 1581 1083 1636 τοῦ

76 1677 162 1745 εἶναι
187 1687 299 1756 αἰτιος.
345 1680 428 1744 ὥστε
452 1679 514 1744 οὐκ
537 1678 572 1744 ἐκ
595 1689 672 1763 μιᾶς
695 1678 796 1764 ἀρχῆς
818 1680 855 1743 τὸ
882 1674 967 1743 εἰναι
991 1681 1083 1762 ἔχου·
1098 1703 1126 1742 10

76 1805 139 1852 σιν.
186 1787 247 1851 οὐκ
270 1788 334 1871 ἄρα
357 1791 416 1870 μία
438 1796 505 1850 τῶν
527 1787 635 1851 ὄντων
662 1784 817 1850 ἁπάντων
844 1783 935 1850 ἐστὶν
956 1785 977 1869 ἡ
1001 1783 1082 1869 ἀρχὴ

77 1893 132 1959 καὶ
156 1895 244 1958 αἰτία
267 1893 350 1958 ἀλλὰ
371 1902 528 1958 τοσαῦται
552 1891 662 1978 ἀρχαί,
688 1891 760 1956 ὅσοι
783 1890 838 1956 καί
861 1890 975 1976 νοητοί
998 1896 1084 1957 θεοί.

77 2003 106 2066 εἰ
131 1996 193 2066 οὖν
216 2009 314 2065 τοῦτο
338 2001 464 2064 ἀτοπόν
486 2023 521 2063 τε
544 1998 598 2063 καί
621 2009 688 2063 τῶν
709 1999 881 2062 ὑπονοιῶν
902 2008 971 2062 τῶν
994 1998 1084 2062 Πλά-

76 2133 182 2184 τωνος
210 2107 399 2191 ἀλλότριον,
428 2106 473 2182 ὡς
500 2105 536 2170 ἑκ
563 2117 630 2170 τῶν
657 2105 761 2169 αὐτοῦ
789 2106 900 2188 λόγων
926 2105 1085 2182 πολλάκις

77 2212 257 2297 ἐδείξαμεν,
288 2211 342 2277 καί
374 2216 433 2296 μία
466 2209 556 2276 ἐστὶν
588 2211 608 2295 ἡ
639 2213 775 2276 πάντων
803 2212 891 2275 αἰτία
918 2210 973 2276 καί
1001 2211 1083 2296 ἀρχὴ
1098 2235 1125 2276 15

76 2319 130 2383 καί
159 2321 196 2384 ἓν
223 2321 329 2401 μόνον
354 2320 392 2384 τὸ
421 2318 571 2402 άνάρχως
597 2317 651 2382 καί
677 2316 833 2394 ἀναιτίως
856 2319 906 2400 ὄν,
936 2318 997 2382 οὐκ
1021 2319 1084 2404 ἀρα

77 2423 145 2490 κατ’
179 2427 288 2490 αἰτίαν
320 2425 405 2490 εἰσὶν
437 2426 468 2489 οἰ
501 2423 616 2508 νοητοί
648 2423 725 2489 θεοί
757 2423 919 2507 ἀγένητοι.
965 2427 993 2489 εἰ
1022 2420 1085 2490 οὖν

77 2536 156 2608 τοὺς
179 2535 320 2614 νοητοὺς
342 2535 445 2609 θεοὺς
468 2542 538 2608 τοίς
566 2530 698 2618 ὁρατοῖς
722 2532 865 2595 Πλάτων
892 2529 1084 2615 ἀντίθηκεν,

78 2640 110 2703 οἰ
134 2635 171 2702 II
195 2637 309 2722 νοητοί
332 2637 486 2722 ἀγένητοι
510 2640 604 2714 ὄντες
626 2640 708 2703 κατὰ
727 2637 892 2701 Πλάτωνα
914 2637 976 2701 οὔκ
999 2639 1085 2703 εἰσιν

77 2743 145 2808 κατ’
174 2747 283 2811 αἰτίαν
310 2744 478 2829 ἀγένητοι,
506 2751 597 2831 εἰπερ
627 2746 760 2810 πάντων
789 2741 827 2808 ἕν
857 2742 947 2808 ἐστιν
977 2750 1085 2809 αἰτιον
1099 2769 1127 2808 νο

76 2851 96 2933 ἡ
126 2853 238 2937 πρώτη
269 2851 367 2937 ἀρχή,
399 2854 432 2916 οἰ
462 2854 525 2938 ἄρα
555 2850 709 2935 αἰσθητοὶ
738 2849 814 2916 θεοί
846 2849 979 2934 γενητοί
1008 2851 1084 2917 θεοί

77 2952 162 3021 εἶναι
191 2958 364 3041 λεγόμενοι
393 2957 434 3021 οὺ
462 2954 530 3021 κατ’
555 2959 665 3022 αἰτίαν
691 2959 797 3041 μόνον
820 2955 981 3022 ἀλλὰκαὶ
1004 2959 1086 3022 κατὰ

79 3066 203 3148 χρόνον
226 3062 313 3129 εἰσίν
335 3067 481 3148 γενητοί·
505 3065 535 3128 εἰ
558 3065 620 3149 γὰρ
644 3066 721 3140 τοὺς
744 3066 886 3146 νοητοὺς
904 3062 1086 3146 ἀγενήτους

77 3166 163 3235 εἶναι
196 3172 351 3252 βούλεται
384 3170 445 3254 οὐχ
477 3171 521 3247 ὡς
553 3172 634 3235 ἄνευ
671 3171 777 3247 αἰτίας
810 3171 907 3247 ὄντας
934 3167 1008 3234 ἀλλ’
1041 3170 1085 3248 ὡς

78 3279 183 3362 ἀρχὴν
201 3285 262 3342 τοῦ
282 3272 367 3342 εἰναι
390 3277 434 3360 μὴ
459 3280 608 3362 ἔχοντας,
631 3278 710 3353 τοὺς
733 3277 796 3363 ἄρα
819 3276 959 3361 ὁρατοὺς
982 3281 1085 3356 θεοὺς
1100 3302 1126 3342 ιι

78 3387 239 3468 γενητοὺς
254 3379 339 3449 εἶναι
354 3382 441 3466 λέγει
462 3384 506 3461 ὡς
525 3383 630 3470 ἀρχὴν
648 3392 709 3449 τοῦ
728 3379 812 3448 εἰναι
830 3381 885 3448 καί
903 3392 961 3467 τῆς
981 3383 1084 3468 ὑπάρ-

77 3490 156 3568 ξεως
176 3493 349 3573 λαβόντας.
395 3499 497 3554 ταῦτα
519 3486 581 3575 μὲν
604 3484 678 3574 οὖν,
701 3491 744 3566 ὡς
766 3488 846 3572 ἡμῖν
867 3484 910 3571 ἦν
933 3489 1084 3573 δύναμις,

76 3597 250 3682 αὐτάρκως
273 3595 328 3660 καί
352 3595 389 3660 ἐν
411 3604 457 3683 τῷ
481 3594 512 3671 ς’
537 3597 793 3682 ἀιηρθρώσαμεν
817 3595 913 3681 λόγῳ.
1101 3598 1103 3603 ’

149 3866 173 3912 9.
194 3862 299 3925 αὐτῶν,
319 3859 352 3914 cf.
372 3865 432 3929 468,
449 3865 482 3913 15
505 3857 608 3930 ταύτης
698 3863 745 3912 Ἃ.
763 3856 915 3929 &mm
1003 3856 1058 3899 ⁴²³⁵·
1074 3849 1118 3897 &-

69 3946 135 3998 μσς,
152 3937 210 3997 173,
227 3936 261 3983 19
274 3948 314 3998 sq.
