2394 4208
74 543 115 599 lx
131 550 171 599 11.
188 545 233 616 ιε]
346 543 394 599 DE
413 543 670 601 AETERNITATE
688 543 810 599 MVNDI
1016 544 1082 611 365

71 707 111 772 τὸ
134 709 179 791 μη
203 709 256 772 ὄν·
286 706 327 772 οὐ
351 707 414 792 γὰρ
438 705 520 772 ὄλον
541 716 641 773 τοῦτο
664 705 823 793 ὑπομένει
846 717 904 792 τῆς
925 709 1007 792 ὑλης
1030 707 1081 774 ἀεὶ

72 816 240 898 μενούσης
267 813 351 879 ἀλλὰ
376 814 414 878 τὸ
443 809 534 891 εἶδος
559 815 667 899 μόνον
693 812 793 900 χωρὶς
820 813 980 898 γενέσεως
1003 813 1082 899 ὑφι-

73 920 239 1004 στάμενον
261 918 316 985 καί
340 918 440 1005 χωρὶς
462 925 597 1006 φθορᾶς
620 919 873 1005 ἀπολλύμενον.
919 918 1082 985 δέδεικται

72 1028 139 1110 ἄρα
169 1025 225 1091 καὶ
257 1026 314 1090 διὰ
344 1029 479 1110 λογικῆς
511 1023 709 1104 ἀποδείξεως
740 1025 795 1092 καὶ
827 1027 883 1091 διδι
918 1037 986 1092 τῶν
1020 1035 1082 1092 τοῦ

75 1135 233 1217 Πρόκλου
264 1132 419 1217 δημάτων
450 1130 504 1198 καλ
534 1133 645 1198 αὐτῶν
674 1133 711 1198 τὸ
743 1133 865 1197 πιστὸν
893 1135 930 1198 ἔκ
959 1156 993 1197 τε
1025 1142 1083 1217 της
1110 1156 1122 1197 ε

74 1239 257 1315 Πλάτωνος
284 1236 384 1322 δόξης
410 1237 466 1305 καὶ
494 1238 530 1304 ἐκ
556 1249 614 1323 τῆς
647 1239 818 1324 ἐναργείας
850 1237 1009 1324 ἐχόντων,
1039 1240 1083 1317 ὡς

73 1344 130 1411 καλ
153 1347 187 1410 αλ
210 1347 382 1428 ποιότητες
403 1344 459 1411 καὶ
482 1346 522 1410 τὰ
545 1348 647 1411 ένυλα
668 1347 777 1411 πάντα
799 1346 871 1429 είδη
894 1344 949 1410 καὶ
969 1345 1004 1410 έκ
1022 1355 1082 1412 τοῦ

72 1454 118 1536 μὴ
142 1453 239 1528 ὄντος
262 1453 309 1529 εἰς
331 1452 369 1517 τὸ
393 1447 479 1518 εἶναι
501 1451 624 1535 ὑπέστη
648 1450 704 1516 καλ
727 1453 774 1529 εἰς
796 1452 833 1516 τὸ
857 1453 901 1536 μὴ
924 1451 965 1517 ὄν
983 1446 1083 1530 αὖθις

73 1563 269 1644 μεθίσταται
297 1558 517 1643 ἀπολλύμενα
563 1559 689 1626 οὐκοῦν
713 1560 838 1636 ψεῦδος
859 1559 897 1623 τὸ
920 1555 1025 1642 μηδὲν
1047 1558 1083 1624 ἐκ

73 1674 136 1730 τοῦ
159 1667 292 1752 μηδαμῇ
313 1666 471 1749 μηδαμῶς
488 1667 585 1742 ὄντος
604 1667 761 1748 γίνεσθαι
777 1661 861 1748 μηδὲ
879 1668 1082 1750 φθείρεσθαι
1097 1690 1124 1730 ιο

74 1773 123 1848 είς
145 1773 183 1836 τὸ
205 1773 338 1858 μηδαμῇ
360 1773 520 1857 μηδαμῶς
542 1773 590 1837 ὄν.

142 1875 205 1960 βί.
224 1875 309 1943 Ἀλλ’
334 1879 411 1943 οὔτε
428 1881 556 1962 γίνεται
573 1878 613 1942 τὰ
631 1877 718 1961 είδη,
737 1878 831 1961 φησί,
850 1877 927 1942 οὑτε
946 1879 1083 1963 φθείρε-

73 2009 139 2068 ται,
162 1984 246 2049 ἀλλὰ
264 1982 365 2070 χωρὶς
382 1983 542 2068 γενέσεως
559 1983 740 2067 ὑφίσταται
758 1982 814 2048 καὶ
832 1981 932 2068 χωρὶς
950 1989 1084 2068 φθορᾶς

73 2093 177 2158 πάλιν
200 2090 398 2174 ἀπόλλυται,
421 2091 467 2167 ὡς
489 2087 544 2155 καλ
566 2098 627 2155 τοῦ
651 2092 810 2175 Πρόκλου
833 2089 871 2155 έν
893 2081 946 2168 αἷς
964 2089 1084 2177 ἀρτίως

74 2197 291 2285 παρεθέμεθα
320 2195 447 2275 λέξεσιν
475 2197 665 2281 ἠκούσαμεν
695 2195 860 2280 λέγοντος.
905 2195 961 2262 καὶ
987 2220 1083 2262 κατα·
1097 2220 1123 2261 ιε

74 2305 269 2370 σκευάσειεν
298 2305 340 2368 ἄν
368 2328 418 2380 τις
448 2311 547 2368 τοῦτο
576 2304 724 2369 τοιῶσδε.
775 2313 864 2368 πᾶσα
893 2302 1020 2388 γένεσις
1048 2303 1084 2369 ἐν

77 2413 187 2499 χρόνφ
210 2408 418 2486 πάνταςκαὶ
442 2412 570 2493 κινήσει
593 2415 784 2495 θεωρεῖται,
807 2400 883 2476 οἷον
904 2410 925 2494 η
948 2418 1008 2475 τοῦ
1027 2409 1084 2475 ἀν-

75 2519 219 2603 θρώπου
243 2515 383 2599 γένεσις·
408 2515 513 2581 δεῖται
535 2517 598 2601 γὰρ
616 2517 757 2581 τοσοῦδε
775 2514 857 2602 φέρε
875 2519 1010 2603 χρόνον,
1028 2517 1084 2582 ἵνα

76 2625 312 2709 δημιουρηηθῇ
340 2622 377 2686 τὸ
406 2625 499 2708 ζῷον.
543 2622 584 2685 τὰ
611 2618 649 2686 δὲ
677 2623 749 2705 είδη
777 2621 927 2708 ἀχρόνως
952 2646 988 2688 τε
1014 2633 1084 2701 τοῖς

76 2727 307 2813 ὑποκειμένοις
330 2727 511 2811 ἐπιγίνεται
533 2725 589 2792 καλ
611 2727 713 2792 πόλιν
736 2728 884 2815 ἀχρόνως
902 2741 969 2796 τῶν
989 2731 1084 2797 ἰδίων
1098 2754 1124 2794 ιο

76 2833 307 2919 ὑποκειμένων
335 2832 560 2918 ὑπεξίσταται,
590 2825 664 2899 οίον
693 2835 738 2911 ὡς
765 2833 802 2899 έν
829 2837 935 2901 εἰκόνι
962 2838 999 2902 τὸ
1026 2848 1084 2922 τῆς

77 2944 186 3018 οἰκίας
209 2936 298 3018 εἶδος
322 2941 362 3006 οὐ
385 2943 550 3027 πρότερον
567 2940 760 3025 ὑφίσταται,
778 2939 860 3026 πρὶν
878 2940 920 3007 ἂν
939 2941 957 3007 ὁ
976 2947 1084 3009 τελευ-

77 3059 170 3125 ταῖος
193 3047 273 3137 φέρε
291 3057 330 3134 τῇ
350 3047 458 3133 ὀροφῇ
477 3046 613 3132 έπιτεθῇ
631 3045 784 3132 κέραμος·
808 3049 838 3112 εί
856 3049 920 3134 γὰρ
939 3047 1084 3125 ἐλλείφοι

77 3148 192 3238 οὗτος,
214 3154 255 3219 οὐ
279 3155 417 3219 δύναται
439 3154 477 3218 τὸ
501 3153 707 3238 οἰκοδόμημα
727 3154 788 3218 τὸν
810 3164 868 3238 τῆς
891 3155 998 3232 οίκίας
1016 3155 1084 3241 ὁρι-

77 3261 165 3345 σμὸν
197 3259 425 3337 ἐπιδέξασθαι·
466 3261 495 3325 εί
528 3261 591 3345 γὰρ
622 3260 642 3343 ἡ
675 3261 764 3325 οἰκία
795 3258 964 3345 σκέπασμοί
996 3260 1085 3328 ἐστιν
1098 3283 1125 3326 ω

78 3366 115 3434 ἐκ
143 3370 251 3431 λίθων
281 3366 336 3432 καὶ
365 3364 474 3443 ξύλων
502 3366 688 3431 κωλυτικὸν
717 3367 853 3451 ὄμβρων
879 3365 934 3431 καί
960 3370 1084 3452 καυμά-

78 3499 157 3557 των,
188 3477 359 3551 λείποντος
389 3470 427 3538 δὲ
456 3473 601 3558 κεράμου
632 3471 706 3549 ἑνὸς
735 3474 921 3539 κωλυτικὸυ
950 3475 1085 3561 ὄμβρων

78 3581 142 3645 οὐκ
170 3583 271 3665 ἔστιν,
299 3582 472 3656 λείποντος
499 3580 563 3662 ἄρα
584 3578 730 3664 κεράμου
754 3575 829 3656 ἑνὸς
852 3580 944 3646 οόπω
967 3582 1005 3645 τὸ
1028 3590 1085 3666 τῆς

153 3778 194 3826 12.
213 3771 247 3826 τὰ
267 3771 348 3826 ἔννλα
367 3770 428 3840 είδη
448 3775 558 3839 316,Ῑό
613 3770 850 3842 [ὄλυτε,ειν,Μ
904 3772 1088 3828 15.lin.2.a

152 3849 193 3897 18.
213 3843 341 3914 δειτηαιῙ,
360 3857 394 3896 ex
412 3860 437 3910 ι,
457 3841 487 3896 Μ
565 3847 608 3898 19.
628 3842 876 3917 δημιοορηιθηόἱ
949 3849 1002 3897 Ἃ.
1016 3841 1109 3907 ὑφεὶ-

73 3930 183 3967 ισταται
199 3913 233 3966 Μ
301 3919 343 3968 22.
358 3918 401 3968 23.
422 3916 611 3992 “immod
629 3917 662 3974 M
