2394 4208
76 590 152 644 μου
166 591 194 662 ι]
337 589 386 643 ου
404 571 665 656 mmmm
681 588 803 645 mm
1016 587 1079 654 597

142 750 185 835 γ’.
206 756 285 829 Πῶς
304 749 413 817 δὲκαὶ
432 752 473 817 οὐ
492 760 681 838 κακοῦργον
698 750 753 816 καὶ
768 744 959 836 φιλοσόφου
973 753 1082 836 ἤθους

77 859 253 944 ἀλλότριον
275 857 453 942 τιθέμενον
474 868 513 944 τη
539 859 718 935 Πλάτωνος
747 857 932 943 άτιοφάνσει
955 859 992 923 τὸ
1015 868 1083 923 πᾶν

77 962 163 1030 εἶναι
190 967 227 1029 τὸ
256 965 396 1048 γενητὸν
424 965 579 1051 φθαρτὸν
606 963 661 1029 καὶ
689 964 855 1030 άκούοντα
876 975 936 1030 τοῦ
960 965 1083 1051 ἀνδρὸς

76 1082 146 1148 τοῖς
169 1073 303 1148 οἰκείοις
327 1069 488 1154 ἑπομένου
511 1069 567 1136 καί
588 1074 735 1154 βοῶντος
754 1057 897 1157 ’ἐπείπερ
918 1070 1083 1154 ἐγένεσθε,

77 1177 238 1242 άθάυαιοι
280 1173 341 1261 μὲν
383 1177 444 1242 οὐκ
481 1173 552 1242 ἐστὲ
588 1176 660 1243 οὐδ’
702 1179 816 1242 άλυτοι
857 1178 894 1242 τὸ
935 1177 1082 1262 πάμπαν’
1110 1205 1122 1245 ι

76 1293 174 1348 τοῦτο
196 1283 200 1370 ἰ
220 1281 281 1368 μέν
309 1269 425 1349 ἑκόντα
451 1283 677 1371 παρατρέχειν,
704 1284 814 1361 ἁπλῶς
837 1279 874 1348 δὲ
897 1284 1003 1361 οὕτως
1024 1301 1135 1343 soum

77 1401 134 1473 τῆς
157 1388 273 1468 λέξεως
295 1401 356 1455 τοῦ
379 1392 465 1475 (μὴ)
489 1395 698 1475 λυθήσεσθαι
721 1391 782 1455 τὸν
804 1392 929 1474 κόσμον
952 1390 1084 1476 δράιτε-

78 1503 159 1561 σθαι
187 1496 242 1562 καί
269 1507 372 1562 ταῦτα
398 1494 482 1581 μηδὲ
510 1496 794 1582 άπροσδιορίσιως
826 1495 999 1582 εἰρημένης
1029 1495 1084 1561 καί

79 1602 238 1668 ἐντεῦθεν
264 1604 301 1667 τὸ
329 1600 412 1687 μηδὲ
439 1602 612 1687 γεγονέναι
636 1604 794 1686 συνάγειν
817 1601 946 1668 ἐκείνου
970 1613 1085 1687 σαφῶς

78 1711 218 1793 γενητὸν
246 1705 331 1775 εἶναι
358 1709 413 1775 καί
440 1710 613 1794 γεγονέναι
641 1710 744 1775 αὐτὸν
773 1711 932 1786 εἰπόντος.
977 1711 1084 1773 καίτοι
1100 1735 1126 1776 ιο

79 1840 116 1899 γε
139 1819 168 1881 εἰ
191 1828 258 1882 τῶν
281 1818 344 1881 δύο
366 1818 512 1902 θάτερον
535 1816 708 1899 ἐκβάλλειν
727 1815 875 1902 έχρῆν,ἢ
900 1814 935 1879 έκ
958 1823 1018 1879 τοῦ
1041 1816 1084 1899 μὴ

80 1928 282 2009 φθείρεσθαι
314 1924 374 1987 τὸν
405 1926 531 2008 κόσμον
560 1924 596 1988 τὸ
630 1923 770 2006 γενητὸν
799 1917 884 1987 εἰναι
914 1920 934 2005 ἦ
962 1920 997 1985 έκ
1025 1930 1084 1986 τοῦ
1116 1934 1121 1943 “

79 2031 220 2112 γενητὸν
242 2025 327 2094 εἶναι
346 2030 383 2093 τὸ
404 2031 591 2117 ἄφθαρτον,
610 2028 721 2116 πολλῷ
743 2052 780 2113 γε
798 2024 841 2112 ἦν
860 2028 1086 2115 εὐλογώτερον

78 2146 138 2200 τοῦ
161 2133 222 2220 μέν
245 2134 417 2218 γεγονέναι
440 2136 500 2200 τὸν
522 2137 649 2219 κόσμον
672 2135 783 2213 ἁπλῶς
805 2133 860 2200 καὶ
884 2137 964 2199 άνευ
984 2152 1085 2220 προσ-

80 2243 255 2327 διορισμοῦ
284 2265 375 2317 τινος
404 2243 492 2327 παρὰ
523 2241 702 2318 Πλάτωνος
735 2240 925 2327 εἰρημένου,
957 2249 1017 2305 τοῦ
1048 2237 1085 2305 δὲ
1099 2267 1125 2308 ιι

79 2347 192 2430 μένειν
220 2346 400 2411 ἀδιάλυτον
427 2348 507 2430 μετά
533 2371 625 2424 τινος
651 2348 915 2434 προσδιορισμοῦ
943 2345 998 2434 (οὐ
1022 2349 1085 2433 γάρ

81 2455 181 2536 φύσει
208 2453 244 2516 τὸ
274 2452 454 2518 ἀδιάλυτον
480 2457 567 2539 ἔχειν
589 2455 649 2519 τὸν
670 2457 796 2539 κόσμον
819 2452 889 2518 ἀλλ’
913 2453 1087 2538 ἐπίκτητον

81 2567 221 2645 είρηκεν,
245 2561 345 2644 φύσει
369 2557 406 2625 δὲ
428 2565 563 2645 μᾶλλον,
577 2562 679 2627 λυτὸν
702 2557 803 2648 εἰναι)
822 2561 858 2626 ἐκ
875 2569 935 2627 τοῦ
954 2558 1086 2644 γεγονέ-

81 2692 136 2730 ναι
160 2667 263 2731 αὐτὸν
284 2668 321 2732 τὸ
346 2667 526 2733 ἀδιάλυτον
548 2664 633 2734 εἰναι
656 2668 799 2753 άθετείν,
823 2674 912 2754 εἰπερ
936 2670 1085 2733 καθόλου

82 2772 171 2837 ἐστίν
198 2771 322 2858 άληθδς
348 2775 385 2839 τὸ
413 2785 480 2840 πᾶν
508 2771 593 2840 εἰναι
615 2777 653 2839 τὸ
677 2776 817 2859 γενητὸν
839 2777 1004 2860 φθαρτόν,
1031 2773 1127 2840 καίεο

82 2891 196 2963 σαφῶς
220 2883 370 2958 εἰπόντος
392 2891 452 2946 τοῦ
473 2883 667 2965 Πλάτωνος,
690 2881 822 2967 ἐπείπερ
842 2880 989 2965 γέγονεν,
1007 2883 1086 2965 μήτε

82 2989 205 3052 άλυτον
229 2982 313 3052 εἰναι
336 2989 416 3071 μήτε
439 2987 620 3072 ἀθάνατον,
640 2987 661 3070 ἢ
685 2987 720 3052 ἐκ
743 2997 803 3053 τοῦ
826 2989 869 3072 μὴ
890 2989 1086 3052 διαλύεσθαι

81 3091 164 3176 μηδὲ
183 3094 323 3177 γενητὸν
342 3089 426 3158 εἶναι
446 3095 617 3177 συνάγειν·
641 3093 791 3178 οὐδαμοῦ
806 3095 879 3179 γάρ,
893 3094 937 3170 ὡς
954 3095 1086 3179 άφθαρ-

81 3203 137 3277 τός
161 3200 251 3265 ἐστιν
275 3200 292 3264 ὁ
315 3203 447 3285 κόσμος,
471 3199 577 3284 λέγων
599 3200 617 3267 ὀ
638 3200 780 3265 Πλάτων
803 3204 966 3285 φαίνεται,
989 3201 1086 3266 τούν-

82 3310 198 3372 αντίον
226 3305 276 3390 δέ,
305 3307 348 3384 ὡς
379 3307 455 3372 οὔτε
483 3307 659 3385 άδιάλυτός
690 3306 780 3373 ἐστιν
807 3308 883 3372 οὔτε
911 3306 1086 3384 ἀθάνατος.
1100 3331 1127 3372 ιι

83 3413 134 3478 ὅτι
161 3412 274 3497 μέντοι
302 3414 401 3490 λυτὸς
424 3413 472 3478 ὢν
495 3414 535 3479 οὐ
559 3417 754 3497 λυθήσεται,
778 3412 878 3496 λέγει·
914 3416 1026 3499 πολλῷ
1050 3408 1086 3476 δέ

155 3682 179 3729 2.
200 3674 357 3744 ἅποφάνοει
375 3677 411 3731 τὸ
430 3679 498 3730 τιτλε
531 3674 564 3729 οἰ.
584 3691 647 3745 pag.
663 3680 705 3743 24,
720 3680 807 3728 21.22
874 3681 899 3731 4.
924 3694 936 3730 ε
955 3675 1086 3746 ενεσθίεἰ,

83 3764 116 3800 ex
141 3768 183 3813 αι,
209 3747 250 3871 M}
276 3745 427 3816 γεγένησθε
452 3746 523 3800 Plat.
543 3744 613 3799 Tim.
633 3745 695 3799 4113
803 3751 826 3800 7.
853 3747 889 3816 μὴ
916 3697 979 3802 εδδ.

86 3824 126 3872 13.
150 3836 232 3887 γενητ
251 3818 279 3942 νη
303 3837 419 3886 γενητου
443 3818 472 3870 Μ
580 3823 680 3872 14.16.
699 3819 729 3870 εἰ
747 3822 793 3871 KQ.
814 3820 1049 3885 ποοσδιτοοιορου
1066 3812 1111 3857 Ἄ

157 3893 194 3941 18,
213 3891 263 3941 im
281 3888 309 3959 ν]
326 3888 414 3944 άυτου
427 3888 458 3942 Μ
475 3888 532 3961 (vix
547 3887 634 3946 scrib.
649 3889 738 3945 αυτου
755 3887 903 3962 ζλυτουῆη
974 3886 1031 3932 vo.
1048 3878 1130 3925 ffl-
1152 3877 1156 3882 ’

54 3975 161 4009 ’ναιον
177 3957 211 4008 Μ
225 3964 271 4027 (cr,
290 3962 336 4028 pt)
