2394 4208
10 39 848 336 -
948 140 955 155 .

933 166 940 185 0

93 522 122 577 v
138 522 184 596 ιι]
360 523 410 579 ιιι
427 523 685 581 mmmm
703 527 825 585 ωιωοι
1057 533 1099 598 91

79 687 144 751 τὸν
166 686 533 783 δημιουργόνηέκεῦνος
555 687 610 754 καὶ
633 700 691 774 τής
708 689 878 777 ὑπάρξεως
895 693 1032 759 πάντων
1051 698 1101 761 αλ-

80 795 241 871 τιώτατος
259 792 302 859 ἂν
317 800 376 878 εἴη.
412 796 541 860 τούτων
555 790 619 861 οὖν
634 797 720 861 οὕτω
735 799 958 883 δεδειγμένων
972 800 1100 886 ἀνάγκη

79 910 171 966 πᾶσα
199 899 255 966 καὶ
285 910 344 985 τής
372 912 441 966 τῶν
466 902 549 966 κατὰ
575 903 674 989 μέρος
697 904 857 988 γενέσεως
883 908 944 972 τὸν
964 919 1100 994 πρῶτον

79 1008 167 1072 θεὸν
189 1013 299 1073 αἴτιον
327 1003 426 1092 εἶναι,
455 1011 484 1074 ελ
511 1007 566 1074 καὶ
593 1008 707 1097 μυρήα
733 1011 816 1096 μέσα
844 1018 933 1078 αλτια
959 1014 1041 1080 ὑπο·
1054 1031 1154 1076 fomur.

79 1120 221 1180 θῶνται.
256 1112 310 1180 καὶ
325 1112 363 1180 έν
376 1122 422 1203 τῷ
437 1116 581 1204 δευτέρῳ
597 1113 634 1182 δὲ
648 1120 736 1204 λόγῳ
751 1119 930 1184 αὐτοῦτοῦ
941 1123 1099 1205 Πρόκλου
1126 1148 1140 1189 ε

80 1224 216 1306 χρήσεις
225 1221 440 1307 παρεθέμεθα
455 1221 490 1287 ἐκ
503 1232 564 1288 τοῦ
578 1226 681 1308 λόγου
695 1233 756 1289 τοῦ
765 1223 840 1310 περὶ
850 1236 918 1291 τῶν
927 1226 1007 1291 δέκα
1015 1230 1099 1313 πρὸς

78 1329 143 1411 τὴν
160 1331 325 1414 πρόνοιαν
343 1326 574 1415 άπορημάτων,
598 1329 636 1395 ἐν
654 1321 707 1407 αἷς
725 1342 840 1414 σαφῶς
858 1333 920 1416 τήν
938 1335 1099 1420 δημιουρ-

79 1438 182 1519 γικήν
204 1458 239 1499 τε
262 1433 316 1500 καὶ
339 1437 565 1521 προνοητικὴν
581 1445 642 1500 τοῦ
661 1442 746 1501 θεοῦ
765 1437 910 1521 δύναμιν
928 1438 1023 1524 μέχρι
1041 1438 1096 1505 καὶ

79 1551 150 1605 τῶν
172 1540 319 1626 ἐσχάτων
340 1541 397 1608 καὶ
420 1541 628 1607 λεπτοτάτων
651 1542 779 1624 διήκειν
802 1542 820 1607 ὁ
840 1545 994 1629 Πρόκλος
1016 1545 1097 1612 ἀπο-

78 1650 250 1731 φαίνεται·
278 1647 382 1733 φησὶν
409 1649 472 1734 γὰρ
496 1647 602 1724 οὕτως
625 1647 830 1731 ζσυλλήβδην
858 1644 921 1713 οὖν
943 1650 1097 1735 λέγοντες
1110 1680 1138 1720 ιο

77 1755 217 1821 πάντων
238 1755 442 1840 ταρακτικὸν
464 1753 571 1820 έκεῖνο
595 1756 632 1820 τὸ
656 1754 694 1818 ἓν
715 1754 851 1818 πάντων
869 1758 1033 1822 σωστικὸν
1051 1755 1096 1824 εἷ-

77 1865 142 1925 ναί
166 1884 289 1946 φαμεν,
316 1862 422 1944 πάσης
450 1861 566 1938 οὐσίας
594 1858 738 1946 ὕπαρξιν
764 1863 842 1944 ἔχον
870 1860 1097 1953 ἀληθεστέραν

79 1964 139 2032 καὶ
159 1968 265 2052 πάσης
283 1969 436 2051 γνώσεως
457 1966 702 2053 τρανεστέραν·
725 1965 781 2032 καλ
799 1967 902 2031 πάλιν
920 1967 1039 2033 ζέκεῖνο
1058 1966 1096 2034 δὲ

78 2073 121 2139 ἐν
142 2081 188 2162 τῷ
216 2072 265 2139 ivl
288 2073 391 2158 μένον
418 2073 624 2158 άμετάβατον
646 2074 713 2155 ἅμα
739 2071 795 2138 καὶ
823 2072 1014 2159 ἀδιαίρετον
1040 2073 1096 2140 καὶ

77 2181 238 2264 γινώσκει
260 2181 368 2245 πάντα
389 2181 449 2245 τὸν
472 2180 576 2245 αὐτὸν
598 2182 733 2265 τρόπον,
756 2178 811 2245 καὶ
830 2180 892 2246 οὐκ
911 2181 1095 2266 άνθρωπον
1108 2207 1135 2250 ιε

76 2289 188 2371 μόνον
209 2285 265 2352 καὶ
287 2288 384 2370 ήλιον
411 2285 466 2352 καλ
492 2296 560 2351 πᾶν
583 2286 634 2352 ὅτι
657 2296 812 2352 τοιοῦτον
838 2285 998 2352 ἀλλὰκαὶ
1022 2287 1096 2353 ἕκα-

77 2411 162 2460 στον
193 2404 262 2458 τῶν
289 2391 366 2459 καθ’
394 2392 547 2459 ἕκαστον·
580 2390 681 2458 οὐδὲν
710 2395 773 2479 γὰρ
805 2392 959 2478 ἐκφεύγει
990 2394 1027 2459 τὸ
1057 2395 1096 2460 ἓν

77 2500 200 2586 ἐκεῖνο,
222 2499 286 2565 κᾶν
308 2508 354 2588 τῷ
378 2496 464 2567 εἶναι
487 2500 594 2587 λέγης,
617 2499 681 2565 κάν
699 2508 745 2588 τῷ
766 2501 1016 2584 γινώσκεσθαά·
1039 2499 1095 2567 καλ

75 2608 182 2672 πάλιν
204 2607 324 2684 “οὕτως
346 2605 401 2672 καλ
424 2607 444 2691 ἡ
468 2617 526 2691 τῆς
543 2610 704 2692 προνοίας
725 2605 833 2673 ἕνιαία
851 2618 974 2690 γνῶσις
993 2607 1030 2672 ἐν
1047 2616 1095 2695 τῷ

77 2712 172 2799 αὐτῷ
198 2713 312 2799 άμερειῒ
337 2714 473 2778 πάντων
500 2711 591 2778 ἐστὶν
617 2724 686 2777 τῶν
712 2714 934 2799 μεριζομένων
961 2725 1094 2798 γνῶσις,
1108 2741 1136 2781 ω

75 2816 135 2884 καὶ
153 2830 220 2885 τῶν
238 2819 458 2903 άτομωτάτων
477 2817 616 2885 ἑκάστου
635 2818 689 2884 καὶ
708 2830 777 2884 τῶν
794 2820 1003 2885 ὁλικωτάτων
1022 2817 1094 2885 ἑκά-

75 2943 173 3009 στου,
195 2925 250 2991 καλ
274 2927 320 3003 ὡς
341 2926 525 3010 ὑπέστησεν
547 2925 687 2991 ἕκαστον
704 2927 841 2991 κατὰτὸ
861 2925 908 3011 ἕν,
932 2927 1019 2992 οῦτω
1038 2926 1095 2993 καὶ

77 3034 237 3117 γινώσκει
260 3032 399 3099 ἕκαστον
421 3034 503 3098 κατὰ
530 3034 567 3099 τὸ
591 3031 649 3098 ἔν’.
695 3030 731 3096 ἐκ
753 3032 881 3096 τούτων
904 3027 967 3098 οὖν
990 3033 1095 3099 ἁπάν-

74 3163 148 3204 των
170 3141 275 3224 δήλόν
301 3139 406 3224 ἐστιν,
434 3141 479 3217 ὡς
505 3140 600 3225 μέχρι
627 3151 695 3204 τῶν
722 3137 941 3222 ἀτομωτάτων
967 3139 1094 3224 ἀνάγκη

74 3247 141 3329 τήν
163 3247 407 3333 δημιουργικὴν
429 3255 490 3313 τοῦ
512 3254 598 3311 θεοῦ
622 3248 751 3330 διήκειν
772 3245 968 3329 <δύναμιν>.
1107 3271 1136 3312 τε

152 3408 176 3455 2.
197 3401 234 3457 ἃν
253 3404 329 3474 [sulm
348 3421 383 3458 ex
400 3424 428 3474 η,
446 3404 476 3457 Μ
561 3410 584 3457 ὃ.
606 3408 629 3457 6.
649 3404 798 3474 πήρήοκλου
817 3402 846 3455 Μ
933 3407 974 3456 10.
994 3399 1094 3474 οὕτως]

75 3472 162 3536 &noc
179 3473 222 3540 Μ;
245 3471 316 3529 οὕτω
334 3478 367 3544 pt
474 3473 628 3546 συλλήβδην
647 3476 716 3528 κτλι
740 3472 774 3527 ef.
794 3489 858 3543 pag.
874 3478 948 3540 ³8‚3
972 3475 1001 3526 et
1019 3471 1095 3527 infra

75 3542 128 3598 fol.
144 3549 195 3598 237
202 3563 226 3598 v.
314 3552 356 3600 13.
375 3547 448 3616 ζητει
468 3545 505 3599 ad
523 3562 648 3616 γνωοεως
667 3543 744 3598 etin
762 3547 842 3599 textu
861 3547 890 3598 et
909 3543 939 3596 in
957 3559 1044 3613 marg.
1064 3543 1094 3596 Μ

152 3622 194 3669 14.
213 3617 319 3688 αήδιαιή
339 3635 401 3671 ετον
415 3617 445 3670 Μ
518 3622 559 3670 16.
579 3613 621 3669 ὅτι
636 3614 722 3670 etiam
736 3614 784 3669 fol.
800 3620 895 3681 237v.;
915 3613 1009 3668 ὁτιοῦν
1027 3630 1094 3685 pag.

76 3691 173 3753 38,13
247 3692 288 3741 18.
346 3709 362 3742 ν
380 3684 530 3742 τδ-κδιν
544 3687 574 3741 τὸ
589 3689 622 3756 pt
694 3692 735 3742 21.
756 3692 798 3740 22.
819 3684 935 3739 ἑκάστου
949 3687 1023 3755 (post
1037 3684 1093 3740 ὀλι-

75 3755 221 3827 κωτάτων)
236 3774 288 3813 om.
303 3775 368 3829 pag.
384 3765 409 3827 6,
425 3764 466 3814 19.
486 3764 529 3826 38,
545 3763 586 3812 18.
606 3756 653 3811 fol.
665 3763 747 3812 237v.
797 3763 840 3814 2²2,
860 3758 909 3813 καὶ
923 3759 1001 3830 (pm
1014 3754 1101 3830 οῗιτοὴ

70 3845 134 3948 ἃ
154 3834 314 3966 mm>
332 3829 579 3967 &5113chde
596 3829 661 3887 add.
679 3833 715 3905 pt
738 3830 785 3908 (cf.
805 3851 875 3909 pag.
889 3838 938 3906 91,
951 3838 984 3905 ῦς
1004 3830 1116 3890 ωεῖεοε
