2394 4208
28 39 850 344 -
950 115 956 129 ι

935 142 943 159 Q

77 573 105 628 11
119 575 148 646 ι]
356 573 404 628 ου
421 574 680 630 mmmmm
698 575 819 629 ωνωοι
1048 576 1089 641 31

78 739 162 801 όλου
193 735 329 819 βέλτιον
361 744 440 815 ίσως
472 736 714 816 ἐπισκέψασθαι
746 736 802 802 καί
832 738 996 824 ἀπορῆσαι
1026 751 1096 816 πῶς

79 842 220 927 λέγεται,
238 848 347 909 καίτοι
364 846 575 931 προσάντους
592 855 650 928 της
669 849 829 930 ζητήσεως
847 845 1025 930 γινομένης
1039 846 1096 910 διά

79 950 118 1014 τὸ
142 954 266 1034 φίλους
288 951 414 1037 ἄνδρας
436 953 584 1035 εἰσάγειν
601 954 641 1015 τά
661 953 741 1035 εἰδη.
779 949 886 1030 δόξειε
905 950 935 1015 δ’
954 951 1096 1028 ἀνίσως

76 1054 214 1139 βέλτιον
241 1052 328 1122 εἶναι
355 1056 411 1122 καί
434 1059 507 1123 δεῖν
532 1056 593 1142 έπί,
614 1062 758 1145 σωτηρίᾳ
786 1082 823 1142 γε
850 1068 909 1142 τῆς
936 1057 1096 1141 ἀληθείας

77 1161 134 1228 καί
157 1165 198 1227 τά
221 1164 327 1229 οἰκεῖα
350 1163 512 1250 ἀναιρεῖν,
540 1167 647 1242 ἄλλως
669 1188 703 1229 τε
726 1164 782 1230 καί
805 1167 1017 1249 φιλοσόφους
1040 1167 1094 1230 όν·
1122 1192 1135 1231 ι

78 1289 151 1346 τας·
180 1268 310 1354 ἀμφοῖν
336 1272 400 1356 γὰρ
428 1272 544 1336 ὄντοιν
571 1275 688 1354 φίλοιν
718 1272 813 1337 ὅσιον
841 1282 1008 1358 προτιμᾶν
1034 1275 1096 1356 την
1128 1317 1131 1320 -

79 1375 264 1460 ἀληθειαν’.
310 1376 364 1442 καί
397 1378 497 1455 αὐτὸς
529 1375 567 1443 δὲ
599 1378 616 1444 δ
646 1381 800 1464 Πρόκλος
829 1377 866 1443 έν
895 1383 1033 1456 πολλοῖς
1059 1393 1095 1442 τε

79 1485 194 1561 ἄλλοις
216 1486 279 1568 την
296 1494 365 1549 τῶν
382 1488 582 1569 φιλοσόφων
600 1486 791 1568 διαφωνίαν
809 1487 1038 1572 διαφερόντως
1055 1494 1094 1571 τῇ

77 1588 156 1675 περὶ
183 1601 252 1655 τῶν
280 1591 381 1656 ἰδεῶν
401 1590 563 1657 ὑποθέσει
587 1595 783 1676 φιλαλήθως
806 1592 1031 1675 ὡμολόγηκεν·
1058 1590 1095 1655 ἐν

77 1705 167 1779 γοῦν
183 1705 230 1783 τῷ
248 1699 353 1785 λόγῳ,
378 1696 419 1761 δν
437 1696 622 1784 ἐπέγραψεν
641 1697 823 1775 ‘gatonem
844 1699 848 1780 Ι
874 1708 941 1762 τῶν
958 1700 1041 1784 πρὸς
1050 1725 1090 1764 ιοι.
1099 1727 1147 1767 ιιι.

79 1804 143 1866 τὸν
155 1804 334 1881 Πλάτωνος
345 1807 485 1888 Τίμαιον
498 1802 554 1869 ὑπ’
564 1802 813 1890 Ἀριστοτέλους
827 1803 1094 1888 ἀντειρημένων’,
1109 1835 1133 1871 11

79 1908 124 1974 έν
144 1917 190 1996 τῷ
210 1912 329 1997 κρότῳ
351 1914 521 1998 κεφαλαίῳ
544 1912 648 1976 ταῦτά
671 1927 776 1994 φησιν
798 1908 852 1974 έπί
873 1907 989 1986 λέξεως
1008 1909 1038 1975 ζδ
1058 1907 1095 1975 δὲ

73 2015 305 2101 Ἀριστοτέλης
326 2015 381 2082 καί
403 2018 487 2103 πρὸς
510 2017 591 2081 αὐτὸ
615 2018 652 2081 τὸ
676 2019 781 2101 όνομα
805 2018 1015 2101 δυσχεραίνει
1035 2025 1095 2081 τοῦ

76 2123 347 2208 παραδείγματος
381 2124 609 2209 μεταφορικὸν
640 2123 721 2187 αὐτὸ
757 2121 864 2206 λέγων
895 2122 950 2187 καί
982 2128 1095 2212 πολλῷ

77 2233 210 2314 μᾶλλον
230 2231 315 2317 πρὸς
332 2231 369 2295 τὸ
390 2231 498 2314 δόγμα
515 2231 650 2314 μάχεται
670 2228 724 2294 καί
743 2229 854 2307 ἀπλῶς
872 2231 909 2293 τὸ
928 2232 986 2306 τὰς
1005 2229 1095 2307 ἰδέας
1109 2257 1135 2297 ιε

77 2337 217 2419 εἰσάγον
249 2335 304 2401 καί
332 2337 561 2421 διαφερόντως
587 2337 671 2422 πρὸς
703 2337 740 2400 τὸ
774 2337 956 2423 αάτοζῷον,
987 2338 1031 2414 ὡς
1059 2337 1096 2402 έν

78 2453 121 2528 τῇ
148 2444 230 2526 μετὰ
256 2445 296 2507 τδ
323 2445 452 2527 φυσικὰ
479 2441 660 2530 γέγραφεν·
690 2442 744 2507 καί
772 2445 962 2508 κινδυνεύει
990 2440 1096 2527 μηδὲν

78 2549 188 2626 οὕτως
213 2549 232 2614 ό
260 2549 344 2635 ἀνὴρ
372 2549 498 2627 ἐκεῖνος
525 2549 796 2634 ἀποποιησασθαι
824 2561 891 2614 τῶν
915 2551 1096 2627 Πλάτωνος

78 2656 128 2732 ὡς
156 2658 218 2739 τὴν
245 2666 313 2720 τῶν
340 2657 441 2722 ἰδεῶν
467 2656 648 2740 ὑπόθεσιν,
681 2656 721 2721 οὐ
749 2659 856 2740 μόνον
883 2655 920 2721 έν
947 2660 1096 2739 λογικοῖς

78 2767 295 2847 τερετίσματα
317 2765 357 2827 τὰ
380 2764 451 2845 εἰδη
475 2767 588 2827 καλῶν
611 2762 694 2828 ἀλλὰ
717 2761 771 2828 καί
796 2763 832 2828 έν
855 2765 990 2847 ἠθικοῖς
1013 2763 1096 2848 πρὸς
1110 2790 1136 2828 ιο

78 2871 118 2934 τὸ
152 2869 370 2953 αότοαγαθὸν
401 2870 643 2955 διαμαχόμενος
679 2869 734 2935 καὶ
771 2869 808 2934 ἐν
839 2880 997 2954 φυσικοῖς
1033 2869 1095 2933 οὐκ

79 2975 185 3054 ἀξιῶν
208 2977 267 3052 τὰς
289 2974 435 3058 γενέσεις
458 2977 505 3052 εἰς
527 2977 585 3052 τὰς
604 2974 695 3052 ἰδέας
716 2974 907 3061 ἀναφέρειν,
930 2976 975 3052 ὡς
994 2975 1031 3041 έν
1049 2984 1095 3064 τῷ

156 3245 180 3292 1.
199 3239 372 3307 διαπορῆσαι
394 3235 480 3291 Arist.
589 3243 613 3292 2.
637 3246 687 3307 τῆς
709 3237 794 3291 Arist.
817 3237 866 3305 L¹';
892 3245 941 3307 τῆς
965 3238 1096 3306 τοιαύτης

78 3308 168 3363 Arist.
189 3311 242 3362 οεῖ.
324 3314 350 3362 3.
369 3306 491 3378 εἰσάγειν
509 3307 594 3362 Arist.
614 3308 672 3375 Μῦς
691 3309 850 3379 εἰσαγαγεῖν
867 3308 952 3363 Arist.
972 3312 1023 3362 cet.

80 3423 106 3470 ὅ.
127 3397 271 3484 ανιάρειν,
298 3434 311 3469 ε
335 3431 470 3485 superser.
489 3432 518 3468 m
538 3420 567 3482 1,
585 3415 615 3468 M
704 3420 728 3469 8.
753 3415 948 3484 διαφερόντων
970 3415 1095 3483 Bemays

81 3488 182 3556 (Aria.
193 3486 272 3542 Dial.
287 3488 438 3557 pag.152);
457 3485 520 3540 fort.
536 3486 626 3559 (καὶ)
640 3484 831 3555 διαφερόντως
848 3482 933 3559 (b),
952 3485 986 3539 cf.
1001 3484 1050 3540 lin.
1063 3491 1096 3539 16

82 3598 160 3665 (pag.
171 3599 215 3661 26,
226 3598 268 3647 26.
283 3598 327 3661 27,
338 3596 364 3662 1)
444 3597 468 3646 3.
488 3559 636 3660 φιάληθως
654 3595 824 3662 ομολογηκεν
841 3593 871 3646 Μ
948 3596 989 3644 13.
1010 3590 1095 3647 Arist.

80 3663 208 3734 metaph.
229 3669 251 3718 A
270 3669 286 3718 3
308 3681 335 3733 p.
351 3669 427 3717 331ε
441 3669 475 3716 22
554 3668 594 3716 13.
614 3663 699 3717 Arist.
722 3663 845 3733 metaph.
868 3667 889 3717 Z
908 3669 941 3717 16
959 3663 1095 3732 μ.10101ι

80 3741 117 3790 ⁸2
183 3741 225 3790 13.
244 3733 366 3804 τὴντῶν
380 3730 463 3791 ἰδεῶν
477 3731 623 3802 ὑπόθεσιν,
638 3733 740 3788 omisso
754 3732 826 3805 περί,
845 3737 878 3790 ut
891 3733 941 3791 fol.
955 3740 1018 3791 fflx.
1036 3740 1107 3792 13ε.

156 3812 198 3861 13.
218 3810 260 3861 20.
281 3805 315 3860 cf.
334 3804 419 3860 Arist,
439 3804 509 3859 ωιοί.
526 3808 600 3875 post.
620 3811 645 3860 A
663 3811 697 3862 22
718 3825 747 3880 p.
763 3814 825 3867 832
839 3815 874 3868 33
970 3816 1018 3869 20.
1037 3807 1122 3882 τερᾉ

80 3875 358 3946 ἰὶῖῖ,]ηίνμα[τα]ῖ[
404 3874 440 3929 εί.
456 3874 541 3931 Αιίεῖ,
562 3878 618 3934 οἰδ.
639 3879 703 3940 Nic.
721 3891 777 3944 A4
855 3894 953 3964 21sq.
975 3886 1014 3946 οἳ.
1038 3883 1135 3942 kim.

73 3945 584 4011 demeteommp‘eabbw
661 3964 704 4017 22.
728 3983 782 4021 τωι
804 3964 850 4040 Μ,
876 3977 943 4036 τοῖς
963 3968 1004 4041 pk
