2394 4208
10 35 848 341 -
1120 300 1195 333 -

67 570 124 642 17]
347 568 396 622 DE
414 569 672 625 AETERNITATE
691 570 811 625 MVNDI
836 655 838 658 Α
1041 575 1083 638 19

68 730 255 816 ταῦταμὲν
277 733 297 798 6
322 736 485 818 Πρόκλος.
513 735 628 799 σκόπει
653 730 700 816 δέ,
723 733 774 797 ὅτι
798 732 860 819 οὐχ
883 734 927 812 ὡς
949 735 1085 823 ἀπορῶν

67 841 107 904 τὸ
135 843 341 925 φθείρεσθαι
369 841 405 904 τὸ
434 850 507 923 φῶς
536 839 701 923 τέθεικεν,
729 837 799 903 ἀλλ’
827 840 1085 927 ὡμολογημένον

66 954 166 1011 τοῦτο
199 947 312 1029 λαβὼν
345 945 381 1012 ἐκ
412 946 534 1011 τούτου
567 946 698 1031 ἀπορεῖ,
729 957 817 1029 πῶς,
854 953 945 1033 είιιερ
978 951 1085 1015 ἀυλόν

66 1051 160 1118 ἐστιν
182 1053 220 1117 τὸ
244 1050 277 1130 ἐξ
300 1052 397 1136 ἡλίου
421 1064 502 1138 φῶς,
526 1056 701 1138 φθείρεται
720 1051 775 1118 καὶ
794 1052 919 1136 νέφους
937 1054 1084 1141 ὑπούρα·

65 1162 190 1244 μόντος
215 1160 276 1224 τὸν
297 1160 395 1242 ήλιον
418 1160 480 1225 οὐκ
504 1162 596 1225 ἔστιν
619 1159 703 1236 ὅλως
726 1159 779 1224 ἐπὶ
802 1161 938 1246 θάτερα.
983 1162 1084 1227 πάλιν
1112 1188 1124 1228 ε

67 1263 105 1331 δὲ
125 1266 143 1331 6
162 1265 263 1342 αὐτὸς
281 1263 350 1350 μετ’
374 1265 472 1349 ὀλίγα
493 1264 598 1349 φησὶν
621 1265 701 1342 ’πῶς
724 1268 787 1349 γὰρ
811 1265 853 1331 ἀν
877 1272 927 1349 είη
948 1265 1084 1353 συνεχὲς

67 1374 106 1437 τὸ
130 1370 167 1437 έν
189 1372 324 1459 οὐρανῷ
348 1380 394 1458 τῷ
417 1371 496 1455 <ίν>
519 1371 605 1457 ἀέρα
628 1373 664 1436 τὸ
688 1369 750 1454 μέν
773 1374 835 1458 γὰρ
856 1377 1023 1459 φθαρτόν,
1046 1376 1083 1439 τὸ

67 1475 106 1544 δὲ
129 1480 187 1563 οὐ,
210 1477 266 1543 καὶ
288 1479 327 1543 τὸ
351 1475 413 1562 μὲν
436 1487 494 1562 τῆς
517 1480 641 1554 οἰκείας
664 1478 766 1563 ἀρχῆς
785 1477 966 1565 ἐξήρτηται,
989 1483 1027 1545 τὸ
1047 1478 1084 1545 δὲ

65 1585 287 1670 ἀποτέτμηται
303 1586 333 1650 εί
346 1586 441 1670 τύχοι
451 1583 506 1650 καλ
521 1585 584 1649 οὐκ
599 1583 792 1650 ἔστινποτέ·
807 1592 853 1671 τῷ
868 1583 904 1650 δέ
920 1585 1083 1673 ἀφθάρτῳ

65 1693 106 1756 τὸ
130 1693 286 1777 φθαρτὸν
309 1691 351 1755 οὐ
375 1688 524 1775 συνεχές·
548 1692 611 1756 δύο
633 1692 695 1774 γὰρ
715 1692 754 1754 τὰ
772 1699 909 1755 τοιαῦτα
927 1690 981 1756 καὶ
1001 1694 1083 1758 είύει
1098 1720 1125 1760 ιο

66 1796 273 1883 θιαφέροπά
296 1796 409 1862 ἐστιν’.
432 1797 483 1861 ὅτι
506 1793 568 1881 μὲν
591 1792 655 1861 οὐν
677 1797 714 1860 τὸ
734 1795 771 1860 ἐν
790 1795 862 1881 ἀέρι
881 1807 953 1879 φῶς
973 1804 1083 1885 φθαρ-

67 1905 145 1986 τόν,
177 1914 291 1988 σαφῶς
319 1901 373 1968 καὶ
402 1903 420 1968 6
446 1906 600 1989 Πρόκλος
624 1900 787 1980 ἐδίδαξεν·
826 1889 876 1966 ότι
901 1899 937 1966 δὲ
962 1903 1084 1987 ὁμοίως

65 2017 115 2098 τῷ
138 2008 176 2075 έν
202 2009 273 2096 ἀέρι
298 2008 385 2093 φωτὶ
413 2008 529 2075 καὶτὸ
554 2010 591 2075 έν
612 2018 658 2097 τῷ
681 2011 800 2094 χύματι
824 2019 891 2073 τῶν
915 2009 1084 2095 οὐρανίων

64 2127 223 2203 σφαιρῶν
240 2121 418 2201 φθείρεται
436 2115 491 2182 καί
510 2116 573 2181 οὐκ
591 2119 682 2181 ἔστιν
701 2118 891 2202 ἄφθαρτον,
914 2117 959 2194 ὥς
979 2134 1084 2202 φησιν

65 2223 83 2288 6
100 2225 267 2309 Πρόκλος,
286 2209 391 2308 δῆλον
405 2220 497 2308 οἶμαι
517 2222 552 2287 έκ
566 2233 634 2287 τῶν
648 2220 685 2286 έν
699 2221 902 2309 ἀστρονομίᾳ
916 2224 1082 2309 δεύειγμέ-
1097 2250 1123 2290 ιε

65 2350 148 2395 νῶν·
189 2331 219 2395 εί
259 2332 321 2414 γὰρ
355 2329 373 2395 6
406 2340 513 2407 κῶνος
544 2339 602 2413 τῆς
634 2337 729 2405 σκιᾶς
756 2339 813 2412 τῆς
841 2329 904 2393 ἀπὸ
934 2339 991 2412 τῆς
1023 2342 1084 2415 γης

65 2436 246 2520 ἐφάπτεται
272 2434 397 2522 μέρους
424 2446 481 2520 τῆς
509 2438 705 2518 σεληνιακῆς
733 2439 878 2520 σφαίρας
905 2433 960 2500 καλ
983 2434 1083 2521 ὑπερ-

63 2545 175 2626 βαίνει
203 2543 347 2627 ταύτην,
380 2543 425 2619 ὡς
455 2541 602 2628 ἐναργῶς
633 2542 666 2606 αλ
695 2540 856 2619 ἐκλείψεις
888 2550 1083 2607 πιστοῦνται

62 2650 172 2733 κνίσης
205 2648 429 2734 ἐμπιπτούσης
461 2658 519 2732 τῆς
551 2651 692 2732 σελήνης
723 2650 771 2725 είς
802 2649 862 2713 τὸν
898 2659 955 2732 τῆς
990 2658 1083 2725 σκιᾶς

62 2766 125 2840 τῆς
147 2765 208 2840 γῆς
231 2767 358 2838 κῶνον,
380 2755 552 2841 κρόόηλόν
575 2777 641 2818 που
664 2756 809 2838 κάντῶς,
838 2756 882 2831 ὡς
905 2752 960 2819 καὶ
983 2756 1020 2819 τὸ
1045 2754 1082 2819 έν
1096 2782 1122 2822 ιο

61 2871 139 2938 ταις
152 2861 326 2947 οὐρανίαις
340 2865 498 2945 σφαίραις
511 2860 696 2945 κεχυμένον
712 2872 784 2944 φῶς
802 2862 960 2946 φθαρτόν
978 2860 1082 2927 ἐστιν·

63 2971 97 3035 ελ
111 2969 176 3053 γὰρ
190 2969 330 3054 περιιὼν
348 2967 366 3033 6
387 2967 391 3054 ή
411 2978 470 3053 τῆς
483 2977 577 3044 σκιᾶς
590 2978 697 3043 κῶνος
712 2969 829 3032 ἀλλοτε
843 2969 923 3031 ἀλλο
938 2966 1038 3054 μέρος
1047 2994 1087 3035 τοι.
1098 2995 1133 3034 ει.

62 3086 124 3161 τῆς
151 3079 348 3159 σεληνιακῆς
375 3077 520 3161 σφαίρας
547 3072 654 3159 ἐπέχει
681 3072 735 3138 καὶ
759 3073 821 3137 οὐκ
849 3072 886 3159 έᾷ
915 3072 952 3138 έν
974 3076 1079 3163 τούτῳ

58 3184 102 3249 τὸ
127 3182 268 3265 ἡλιακὸν
295 3179 454 3265 γενέσθαι
483 3191 556 3264 φῶς
578 3179 677 3268 (ὅθεν
699 3178 754 3245 καλ
777 3182 839 3262 τήν
862 3191 918 3264 της
941 3184 1081 3265 σελήνης

58 3289 313 3374 ἐκικρόσθησίν
344 3311 379 3352 τε
415 3286 470 3353 καὶ
503 3291 653 3364 ἔκλειψιν
684 3288 860 3370 συμβαίνει
897 3284 1079 3372 γίνεσθαι),
1094 3312 1119 3352 ιε

57 3394 182 3480 σαφές,
203 3395 249 3471 ὡς
271 3393 326 3459 καί
344 3395 381 3458 τὸ
406 3392 511 3459 έκείσε
529 3392 712 3478 κεχυμένον
731 3404 803 3476 φῶς
821 3393 883 3458 οὐκ
901 3394 1080 3477 ἀφθαρτόν

58 3502 173 3585 ἐστιν,
204 3501 250 3578 ὥς
277 3518 381 3584 φησιν
409 3499 427 3565 6
451 3502 619 3585 Πρόκλος,
651 3498 734 3564 ἀλλὰ
761 3502 930 3585 φθαρτόν·
963 3499 992 3562 εί
1015 3500 1079 3584 γὰρ

55 3618 123 3693 τῆς
146 3607 248 3691 αὐτῆς
271 3607 388 3684 οὐσίας
415 3604 506 3673 ἐστὶν
534 3607 611 3684 ὅλος
635 3606 653 3671 6
677 3606 835 3692 οὐρανός,
863 3606 1019 3690 φθαρτὸν
1042 3602 1080 3670 66

138 3807 162 3853 1.
182 3798 309 3873 ἀπορῶν]
329 3819 437 3868 ακορον
452 3800 484 3853 Μ
561 3808 585 3855 3,
606 3800 714 3876 τοντήο]
734 3799 765 3857 Μ
852 3807 878 3862 7.
900 3801 930 3864 ἐν
952 3803 1023 3862 οὐύ,

48 3880 105 3994 65⁴
114 3868 266 4002 αμλλήιῆηνη
276 3874 314 3987 ,ιη
333 3886 369 3921 οι
388 3886 454 3926 cort.
475 3872 516 3943 p]
532 3892 619 3942 μεοος
636 3874 670 3930 Μ
765 3883 811 3938 19.
832 3882 960 3961 καοήηής
977 3881 1012 3938 Π

901 4059 944 4113 2*
