<?xml version="1.0" encoding="UTF-8"?>
<!DOCTYPE html PUBLIC "-//W3C//DTD XHTML 1.0 Transitional//EN"
    "http://www.w3.org/TR/xhtml1/DTD/xhtml1-transitional.dtd">
<html xmlns="http://www.w3.org/1999/xhtml" xml:lang="en" lang="en">
 <head>
  <title>
</title>
<meta http-equiv="Content-Type" content="text/html;charset=utf-8" />
  <meta name='ocr-system' content='tesseract 3.04.00' />
  <meta name='ocr-capabilities' content='ocr_page ocr_carea ocr_par ocr_line ocrx_word'/>
</head>
<body>
  <div class='ocr_page' id='page_1' title='image "./ioannesphilopon00philgoog_0152.png"; bbox 0 0 2394 4208; ppageno 0'>
   <div class='ocr_carea' id='block_1_1' title="bbox 10 39 954 342">
    <p class='ocr_par' dir='ltr' id='par_1_1' title="bbox 10 39 954 342">
     <span class='ocr_line' id='line_1_1' title="bbox 10 39 954 342; baseline 0.012 -11"><span class='ocrx_word' id='word_1_1' title='bbox 10 39 848 342; x_wconf 96' lang='lat'>-</span> <span class='ocrx_word' id='word_1_2' title='bbox 916 140 926 159; x_wconf 53' lang='grc'><strong>“</strong></span> <span class='ocrx_word' id='word_1_3' title='bbox 951 123 954 145; x_wconf 57' lang='grc'>;</span> 
     </span>
    </p>
   </div>
   <div class='ocr_carea' id='block_1_2' title="bbox 77 571 1093 645">
    <p class='ocr_par' dir='ltr' id='par_1_2' title="bbox 77 571 1093 645">
     <span class='ocr_line' id='line_1_2' title="bbox 77 571 1093 645; baseline 0.011 -19"><span class='ocrx_word' id='word_1_4' title='bbox 77 571 118 626; x_wconf 76' lang='lat' dir='ltr'><strong><em>v]</em></strong></span> <span class='ocrx_word' id='word_1_5' title='bbox 133 573 162 645; x_wconf 82' lang='grc'><strong><em>7]</em></strong></span> <span class='ocrx_word' id='word_1_6' title='bbox 348 573 397 626; x_wconf 85' lang='lat' dir='ltr'><strong><em>DE</em></strong></span> <span class='ocrx_word' id='word_1_7' title='bbox 416 572 674 627; x_wconf 78' lang='lat' dir='ltr'><strong>AETERNITATE</strong></span> <span class='ocrx_word' id='word_1_8' title='bbox 693 572 815 628; x_wconf 84' lang='lat' dir='ltr'>MVNDI</span> <span class='ocrx_word' id='word_1_9' title='bbox 1030 573 1093 636; x_wconf 80' lang='grc'><strong><em>137</em></strong></span> 
     </span>
    </p>
   </div>
   <div class='ocr_carea' id='block_1_3' title="bbox 76 729 1148 3481">
    <p class='ocr_par' dir='ltr' id='par_1_3' title="bbox 76 729 1148 3481">
     <span class='ocr_line' id='line_1_3' title="bbox 78 729 1094 822; baseline -0.001 -22"><span class='ocrx_word' id='word_1_10' title='bbox 78 734 278 821; x_wconf 77' lang='grc' dir='ltr'><strong><em>ρακλητέον,</em></strong></span> <span class='ocrx_word' id='word_1_11' title='bbox 305 729 326 820; x_wconf 75' lang='grc' dir='ltr'><strong><em>ᾗ</em></strong></span> <span class='ocrx_word' id='word_1_12' title='bbox 355 735 446 822; x_wconf 79' lang='grc' dir='ltr'><strong><em>ῥᾷστ’</em></strong></span> <span class='ocrx_word' id='word_1_13' title='bbox 474 735 517 800; x_wconf 86' lang='grc' dir='ltr'><strong><em>ἀν</em></strong></span> <span class='ocrx_word' id='word_1_14' title='bbox 543 737 638 820; x_wconf 75' lang='grc' dir='ltr'><strong><em>ὑμεῖς</em></strong></span> <span class='ocrx_word' id='word_1_15' title='bbox 665 733 726 820; x_wconf 75' lang='grc' dir='ltr'><strong><em>μὲν</em></strong></span> <span class='ocrx_word' id='word_1_16' title='bbox 748 737 900 820; x_wconf 80' lang='grc' dir='ltr'><em>μάθοιτε,</em></span> <span class='ocrx_word' id='word_1_17' title='bbox 924 734 987 819; x_wconf 83' lang='grc' dir='ltr'><strong><em>ε’γὼ</em></strong></span> <span class='ocrx_word' id='word_1_18' title='bbox 1012 729 1094 820; x_wconf 70' lang='grc' dir='ltr'><strong><em>δεῇ</em></strong></span> 
     </span>
     <span class='ocr_line' id='line_1_4' title="bbox 79 839 1094 928; baseline -0.001 -21"><span class='ocrx_word' id='word_1_19' title='bbox 79 845 280 927; x_wconf 87' lang='grc' dir='ltr'><strong><em>διανοοῦμαι</em></strong></span> <span class='ocrx_word' id='word_1_20' title='bbox 299 841 427 926; x_wconf 81' lang='grc' dir='ltr'><strong><em>μάλιστ’</em></strong></span> <span class='ocrx_word' id='word_1_21' title='bbox 446 841 488 907; x_wconf 85' lang='grc' dir='ltr'><strong><em>ἀν</em></strong></span> <span class='ocrx_word' id='word_1_22' title='bbox 506 842 582 928; x_wconf 83' lang='grc' dir='ltr'><strong><em>περὶ</em></strong></span> <span class='ocrx_word' id='word_1_23' title='bbox 600 853 668 907; x_wconf 86' lang='grc' dir='ltr'><strong><em>τῶν</em></strong></span> <span class='ocrx_word' id='word_1_24' title='bbox 685 841 913 928; x_wconf 80' lang='grc' dir='ltr'><strong><em>προκειμένων</em></strong></span> <span class='ocrx_word' id='word_1_25' title='bbox 935 839 1094 920; x_wconf 81' lang='grc' dir='ltr'><strong><em>ἐνδειξαί-</em></strong></span> 
     </span>
     <span class='ocr_line' id='line_1_5' title="bbox 79 944 1095 1035; baseline 0.001 -22"><span class='ocrx_word' id='word_1_26' title='bbox 79 974 155 1033; x_wconf 89' lang='grc' dir='ltr'><strong><em>μην.</em></strong></span> <span class='ocrx_word' id='word_1_27' title='bbox 210 952 302 1014; x_wconf 82' lang='grc' dir='ltr'><strong><em>ἔστιν</em></strong></span> <span class='ocrx_word' id='word_1_28' title='bbox 339 944 402 1014; x_wconf 87' lang='grc' dir='ltr'><strong><em>οὖν</em></strong></span> <span class='ocrx_word' id='word_1_29' title='bbox 434 950 474 1032; x_wconf 79' lang='grc' dir='ltr'><strong><em>δη</em></strong></span> <span class='ocrx_word' id='word_1_30' title='bbox 507 951 589 1013; x_wconf 91' lang='grc' dir='ltr'><strong><em>κατά</em></strong></span> <span class='ocrx_word' id='word_1_31' title='bbox 620 951 682 1033; x_wconf 87' lang='grc' dir='ltr'><strong><em>τὴν</em></strong></span> <span class='ocrx_word' id='word_1_32' title='bbox 713 947 795 1033; x_wconf 80' lang='grc' dir='ltr'><strong><em>ἐμὴν</em></strong></span> <span class='ocrx_word' id='word_1_33' title='bbox 828 948 930 1026; x_wconf 83' lang='grc' dir='ltr'><strong><em>δόξαν</em></strong></span> <span class='ocrx_word' id='word_1_34' title='bbox 961 960 1095 1035; x_wconf 85' lang='grc' dir='ltr'><strong><em>πρῶτον</em></strong></span> 
     </span>
     <span class='ocr_line' id='line_1_6' title="bbox 79 1053 1094 1141; baseline 0 -21"><span class='ocrx_word' id='word_1_35' title='bbox 79 1054 267 1140; x_wconf 79' lang='grc' dir='ltr'><strong><em>διαιρετέον</em></strong></span> <span class='ocrx_word' id='word_1_36' title='bbox 295 1056 385 1119; x_wconf 91' lang='grc' dir='ltr'><strong><em>τάδε·</em></strong></span> <span class='ocrx_word' id='word_1_37' title='bbox 413 1058 448 1120; x_wconf 90' lang='grc' dir='ltr'><strong><em>τί</em></strong></span> <span class='ocrx_word' id='word_1_38' title='bbox 472 1056 509 1119; x_wconf 92' lang='grc' dir='ltr'><strong><em>τὸ</em></strong></span> <span class='ocrx_word' id='word_1_39' title='bbox 538 1054 578 1119; x_wconf 86' lang='grc' dir='ltr'><strong><em>ὂν</em></strong></span> <span class='ocrx_word' id='word_1_40' title='bbox 606 1055 672 1140; x_wconf 82' lang='grc' dir='ltr'><strong><em>ἀεί,</em></strong></span> <span class='ocrx_word' id='word_1_41' title='bbox 701 1055 832 1139; x_wconf 86' lang='grc' dir='ltr'><strong><em>γένεσιν</em></strong></span> <span class='ocrx_word' id='word_1_42' title='bbox 860 1053 897 1121; x_wconf 68' lang='grc' dir='ltr'><strong><em>δὲ</em></strong></span> <span class='ocrx_word' id='word_1_43' title='bbox 921 1056 983 1121; x_wconf 86' lang='grc' dir='ltr'><strong><em>οὐκ</em></strong></span> <span class='ocrx_word' id='word_1_44' title='bbox 1006 1059 1094 1141; x_wconf 79' lang='grc' dir='ltr'><strong><em>ἔχον,</em></strong></span> 
     </span>
     <span class='ocr_line' id='line_1_7' title="bbox 78 1158 1135 1246; baseline 0.003 -20"><span class='ocrx_word' id='word_1_45' title='bbox 78 1161 136 1227; x_wconf 79' lang='grc' dir='ltr'><strong><em>καὶ</em></strong></span> <span class='ocrx_word' id='word_1_46' title='bbox 166 1167 201 1227; x_wconf 88' lang='grc' dir='ltr'><strong><em>τί</em></strong></span> <span class='ocrx_word' id='word_1_47' title='bbox 228 1164 266 1226; x_wconf 86' lang='grc' dir='ltr'><strong><em>τὸ</em></strong></span> <span class='ocrx_word' id='word_1_48' title='bbox 297 1164 498 1246; x_wconf 91' lang='grc' dir='ltr'><strong><em>γιγνόμενον</em></strong></span> <span class='ocrx_word' id='word_1_49' title='bbox 525 1161 600 1245; x_wconf 80' lang='grc' dir='ltr'><strong><em>μέν,</em></strong></span> <span class='ocrx_word' id='word_1_50' title='bbox 629 1161 669 1226; x_wconf 86' lang='grc' dir='ltr'><strong><em>ὂν</em></strong></span> <span class='ocrx_word' id='word_1_51' title='bbox 697 1159 735 1226; x_wconf 76' lang='grc' dir='ltr'><strong><em>δὲ</em></strong></span> <span class='ocrx_word' id='word_1_52' title='bbox 762 1162 931 1228; x_wconf 88' lang='grc' dir='ltr'><strong><em>οὐδέποτε.</em></strong></span> <span class='ocrx_word' id='word_1_53' title='bbox 976 1163 1013 1226; x_wconf 92' lang='grc' dir='ltr'><strong><em>τὸ</em></strong></span> <span class='ocrx_word' id='word_1_54' title='bbox 1032 1158 1094 1245; x_wconf 73' lang='grc' dir='ltr'><strong><em>μὲν</em></strong></span> <span class='ocrx_word' id='word_1_55' title='bbox 1121 1188 1135 1229; x_wconf 72' lang='grc' dir='ltr'><strong><em>ε</em></strong></span> 
     </span>
     <span class='ocr_line' id='line_1_8' title="bbox 80 1268 1095 1354; baseline -0.003 -20"><span class='ocrx_word' id='word_1_56' title='bbox 80 1271 122 1352; x_wconf 72' lang='grc' dir='ltr'><strong><em>δὴ</em></strong></span> <span class='ocrx_word' id='word_1_57' title='bbox 147 1273 261 1353; x_wconf 77' lang='grc' dir='ltr'><strong><em>νοήσει</em></strong></span> <span class='ocrx_word' id='word_1_58' title='bbox 283 1271 365 1352; x_wconf 86' lang='grc' dir='ltr'><strong><em>μετὰ</em></strong></span> <span class='ocrx_word' id='word_1_59' title='bbox 392 1271 495 1352; x_wconf 87' lang='grc' dir='ltr'><strong><em>λόγου</em></strong></span> <span class='ocrx_word' id='word_1_60' title='bbox 522 1269 725 1354; x_wconf 78' lang='grc' dir='ltr'><strong><em>περιληπτὸν</em></strong></span> <span class='ocrx_word' id='word_1_61' title='bbox 752 1268 803 1333; x_wconf 81' lang='grc' dir='ltr'><strong><em>ἀεὶ</em></strong></span> <span class='ocrx_word' id='word_1_62' title='bbox 832 1271 914 1333; x_wconf 87' lang='grc' dir='ltr'><strong><em>κατὰ</em></strong></span> <span class='ocrx_word' id='word_1_63' title='bbox 943 1270 983 1332; x_wconf 89' lang='grc' dir='ltr'><strong><em>τά</em></strong></span> <span class='ocrx_word' id='word_1_64' title='bbox 1011 1268 1095 1332; x_wconf 87' lang='grc' dir='ltr'><strong><em>αὐτὰ</em></strong></span> 
     </span>
     <span class='ocr_line' id='line_1_9' title="bbox 79 1371 1095 1460; baseline -0.001 -20"><span class='ocrx_word' id='word_1_65' title='bbox 79 1378 137 1457; x_wconf 80' lang='grc' dir='ltr'><strong><em>δν,</em></strong></span> <span class='ocrx_word' id='word_1_66' title='bbox 164 1376 201 1440; x_wconf 89' lang='grc' dir='ltr'><strong><em>τὸ</em></strong></span> <span class='ocrx_word' id='word_1_67' title='bbox 230 1372 268 1439; x_wconf 69' lang='grc' dir='ltr'><strong><em>δὲ</em></strong></span> <span class='ocrx_word' id='word_1_68' title='bbox 295 1371 337 1440; x_wconf 88' lang='grc' dir='ltr'><strong><em>αὖ</em></strong></span> <span class='ocrx_word' id='word_1_69' title='bbox 366 1371 446 1460; x_wconf 81' lang='grc' dir='ltr'><strong><em>δόξῃ</em></strong></span> <span class='ocrx_word' id='word_1_70' title='bbox 468 1372 536 1458; x_wconf 88' lang='grc' dir='ltr'><strong><em>μετ’</em></strong></span> <span class='ocrx_word' id='word_1_71' title='bbox 564 1376 752 1458; x_wconf 76' lang='grc' dir='ltr'><strong><em>αἰσθήσεως</em></strong></span> <span class='ocrx_word' id='word_1_72' title='bbox 780 1375 904 1458; x_wconf 89' lang='grc' dir='ltr'><strong><em>ἀλόγου</em></strong></span> <span class='ocrx_word' id='word_1_73' title='bbox 933 1374 1095 1452; x_wconf 87' lang='grc' dir='ltr'><strong><em>δοξαστὸν</em></strong></span> 
     </span>
     <span class='ocr_line' id='line_1_10' title="bbox 79 1479 1093 1565; baseline -0.001 -19"><span class='ocrx_word' id='word_1_74' title='bbox 79 1484 283 1565; x_wconf 88' lang='grc' dir='ltr'><strong><em>γιγνόμενον</em></strong></span> <span class='ocrx_word' id='word_1_75' title='bbox 311 1480 366 1545; x_wconf 83' lang='grc' dir='ltr'><strong><em>καὶ</em></strong></span> <span class='ocrx_word' id='word_1_76' title='bbox 394 1480 641 1565; x_wconf 87' lang='grc' dir='ltr'><strong><em>ἀπολλύμενον,</em></strong></span> <span class='ocrx_word' id='word_1_77' title='bbox 670 1483 774 1558; x_wconf 88' lang='grc' dir='ltr'><strong><em>ὅντως</em></strong></span> <span class='ocrx_word' id='word_1_78' title='bbox 798 1479 834 1547; x_wconf 71' lang='grc' dir='ltr'><strong><em>δὲ</em></strong></span> <span class='ocrx_word' id='word_1_79' title='bbox 858 1481 1016 1546; x_wconf 85' lang='grc' dir='ltr'><strong><em>οὐδέποτε</em></strong></span> <span class='ocrx_word' id='word_1_80' title='bbox 1040 1483 1093 1547; x_wconf 83' lang='grc' dir='ltr'><strong><em>δν·</em></strong></span> 
     </span>
     <span class='ocr_line' id='line_1_11' title="bbox 77 1583 1094 1675; baseline 0.001 -23"><span class='ocrx_word' id='word_1_81' title='bbox 77 1597 148 1653; x_wconf 87' lang='grc' dir='ltr'><strong><em>πᾶν</em></strong></span> <span class='ocrx_word' id='word_1_82' title='bbox 171 1584 208 1652; x_wconf 70' lang='grc' dir='ltr'><strong><em>δὲ</em></strong></span> <span class='ocrx_word' id='word_1_83' title='bbox 233 1583 275 1652; x_wconf 85' lang='grc' dir='ltr'><strong><em>αὖ</em></strong></span> <span class='ocrx_word' id='word_1_84' title='bbox 298 1588 335 1651; x_wconf 90' lang='grc' dir='ltr'><strong><em>τὸ</em></strong></span> <span class='ocrx_word' id='word_1_85' title='bbox 360 1590 562 1671; x_wconf 87' lang='grc' dir='ltr'><strong><em>γιγνόμενον</em></strong></span> <span class='ocrx_word' id='word_1_86' title='bbox 584 1585 639 1651; x_wconf 84' lang='grc' dir='ltr'><strong><em>ὑπ’</em></strong></span> <span class='ocrx_word' id='word_1_87' title='bbox 659 1589 768 1651; x_wconf 83' lang='grc' dir='ltr'><strong><em>αἰτίου</em></strong></span> <span class='ocrx_word' id='word_1_88' title='bbox 787 1589 878 1663; x_wconf 91' lang='grc' dir='ltr'><strong><em>τινὸς</em></strong></span> <span class='ocrx_word' id='word_1_89' title='bbox 898 1586 930 1664; x_wconf 82' lang='grc' dir='ltr'><strong><em>ἐξ</em></strong></span> <span class='ocrx_word' id='word_1_90' title='bbox 950 1589 1094 1675; x_wconf 77' lang='grc' dir='ltr'><strong><em>ἀνάγκης</em></strong></span> 
     </span>
     <span class='ocr_line' id='line_1_12' title="bbox 79 1692 1134 1779; baseline 0.001 -20"><span class='ocrx_word' id='word_1_91' title='bbox 79 1700 251 1779; x_wconf 84' lang='grc' dir='ltr'><strong><em>γίνεσθαι·</em></strong></span> <span class='ocrx_word' id='word_1_92' title='bbox 279 1693 378 1758; x_wconf 81' lang='grc' dir='ltr'><strong><em>παντὶ</em></strong></span> <span class='ocrx_word' id='word_1_93' title='bbox 406 1696 469 1779; x_wconf 89' lang='grc' dir='ltr'><strong><em>γάρ</em></strong></span> <span class='ocrx_word' id='word_1_94' title='bbox 498 1692 667 1758; x_wconf 88' lang='grc' dir='ltr'><strong><em>ἀδύνατον</em></strong></span> <span class='ocrx_word' id='word_1_95' title='bbox 693 1692 795 1778; x_wconf 79' lang='grc' dir='ltr'><strong><em>χωρὶς</em></strong></span> <span class='ocrx_word' id='word_1_96' title='bbox 822 1695 931 1758; x_wconf 77' lang='grc' dir='ltr'><strong><em>αἰτίου</em></strong></span> <span class='ocrx_word' id='word_1_97' title='bbox 961 1694 1094 1777; x_wconf 87' lang='grc' dir='ltr'><strong><em>γένεσιν</em></strong></span> <span class='ocrx_word' id='word_1_98' title='bbox 1108 1722 1134 1760; x_wconf 83' lang='grc' dir='ltr'><strong><em>ιο</em></strong></span> 
     </span>
     <span class='ocr_line' id='line_1_13' title="bbox 80 1797 1095 1886; baseline -0.003 -18"><span class='ocrx_word' id='word_1_99' title='bbox 80 1801 197 1886; x_wconf 59' lang='grc' dir='ltr'><strong><em>σχεῖν.</em></strong></span> <span class='ocrx_word' id='word_1_100' title='bbox 239 1811 376 1865; x_wconf 82' lang='grc' dir='ltr'><strong><em>σκοπεῖν</em></strong></span> <span class='ocrx_word' id='word_1_101' title='bbox 399 1797 436 1865; x_wconf 75' lang='grc' dir='ltr'><strong><em>δὲ</em></strong></span> <span class='ocrx_word' id='word_1_102' title='bbox 460 1799 495 1865; x_wconf 81' lang='grc' dir='ltr'><strong><em>ἐκ</em></strong></span> <span class='ocrx_word' id='word_1_103' title='bbox 519 1811 585 1864; x_wconf 84' lang='grc' dir='ltr'><strong><em>τῶν</em></strong></span> <span class='ocrx_word' id='word_1_104' title='bbox 608 1798 792 1885; x_wconf 82' lang='grc' dir='ltr'><strong><em>εἰρημένων</em></strong></span> <span class='ocrx_word' id='word_1_105' title='bbox 813 1803 982 1885; x_wconf 77' lang='grc' dir='ltr'><strong><em>προσήκει,</em></strong></span> <span class='ocrx_word' id='word_1_106' title='bbox 1006 1801 1095 1878; x_wconf 89' lang='grc' dir='ltr'><strong><em>ὅπως</em></strong></span> 
     </span>
     <span class='ocr_line' id='line_1_14' title="bbox 78 1903 1094 1991; baseline -0.003 -18"><span class='ocrx_word' id='word_1_107' title='bbox 78 1909 98 1973; x_wconf 85' lang='grc' dir='ltr'><strong><em>δ</em></strong></span> <span class='ocrx_word' id='word_1_108' title='bbox 126 1908 270 1972; x_wconf 78' lang='grc' dir='ltr'><strong><em>Πλάτων</em></strong></span> <span class='ocrx_word' id='word_1_109' title='bbox 297 1916 363 1971; x_wconf 88' lang='grc' dir='ltr'><strong><em>πᾶν</em></strong></span> <span class='ocrx_word' id='word_1_110' title='bbox 391 1903 453 1990; x_wconf 75' lang='grc' dir='ltr'><strong><em>μὲν</em></strong></span> <span class='ocrx_word' id='word_1_111' title='bbox 475 1907 513 1970; x_wconf 85' lang='grc' dir='ltr'><strong><em>τὸ</em></strong></span> <span class='ocrx_word' id='word_1_112' title='bbox 537 1910 649 1989; x_wconf 86' lang='grc' dir='ltr'><strong><em>νοήσει</em></strong></span> <span class='ocrx_word' id='word_1_113' title='bbox 673 1906 876 1991; x_wconf 88' lang='grc' dir='ltr'><strong><em>περιληπτὸν</em></strong></span> <span class='ocrx_word' id='word_1_114' title='bbox 898 1915 996 1970; x_wconf 85' lang='grc' dir='ltr'><strong><em>τοῦτο</em></strong></span> <span class='ocrx_word' id='word_1_115' title='bbox 1020 1905 1094 1990; x_wconf 80' lang='grc' dir='ltr'><strong><em>ἀγέ-</em></strong></span> 
     </span>
     <span class='ocr_line' id='line_1_15' title="bbox 79 2009 1095 2098; baseline -0.001 -20"><span class='ocrx_word' id='word_1_116' title='bbox 79 2037 185 2098; x_wconf 85' lang='grc' dir='ltr'><strong><em>νητον</em></strong></span> <span class='ocrx_word' id='word_1_117' title='bbox 217 2009 305 2078; x_wconf 83' lang='grc' dir='ltr'><strong><em>εἶναι’</em></strong></span> <span class='ocrx_word' id='word_1_118' title='bbox 335 2031 441 2097; x_wconf 84' lang='grc' dir='ltr'><strong><em>φησιν</em></strong></span> <span class='ocrx_word' id='word_1_119' title='bbox 472 2012 523 2077; x_wconf 82' lang='grc' dir='ltr'><strong><em>ἀεὶ</em></strong></span> <span class='ocrx_word' id='word_1_120' title='bbox 556 2015 637 2077; x_wconf 86' lang='grc' dir='ltr'><strong><em>κατὰ</em></strong></span> <span class='ocrx_word' id='word_1_121' title='bbox 668 2016 708 2077; x_wconf 87' lang='grc' dir='ltr'><strong><em>τὰ</em></strong></span> <span class='ocrx_word' id='word_1_122' title='bbox 740 2013 822 2077; x_wconf 81' lang='grc' dir='ltr'><strong><em>αὐτὰ</em></strong></span> <span class='ocrx_word' id='word_1_123' title='bbox 854 2011 908 2077; x_wconf 80' lang='grc' dir='ltr'><strong><em>καὶ</em></strong></span> <span class='ocrx_word' id='word_1_124' title='bbox 938 2013 1095 2090; x_wconf 80' lang='grc' dir='ltr'><strong><em>ὡσαύτως</em></strong></span> 
     </span>
     <span class='ocr_line' id='line_1_16' title="bbox 78 2117 1095 2206; baseline -0.004 -20"><span class='ocrx_word' id='word_1_125' title='bbox 78 2125 173 2205; x_wconf 82' lang='grc' dir='ltr'><strong><em>ἔχον,</em></strong></span> <span class='ocrx_word' id='word_1_126' title='bbox 201 2129 269 2184; x_wconf 86' lang='grc' dir='ltr'><strong><em>πᾶν</em></strong></span> <span class='ocrx_word' id='word_1_127' title='bbox 300 2117 336 2185; x_wconf 71' lang='grc' dir='ltr'><strong><em>δὲ</em></strong></span> <span class='ocrx_word' id='word_1_128' title='bbox 363 2121 400 2184; x_wconf 89' lang='grc' dir='ltr'><strong><em>τὸ</em></strong></span> <span class='ocrx_word' id='word_1_129' title='bbox 429 2119 592 2197; x_wconf 87' lang='grc' dir='ltr'><strong><em>δοξαστόν</em></strong></span> <span class='ocrx_word' id='word_1_130' title='bbox 619 2142 653 2183; x_wconf 90' lang='grc' dir='ltr'><strong><em>τε</em></strong></span> <span class='ocrx_word' id='word_1_131' title='bbox 680 2118 735 2183; x_wconf 80' lang='grc' dir='ltr'><strong><em>καὶ</em></strong></span> <span class='ocrx_word' id='word_1_132' title='bbox 759 2121 922 2203; x_wconf 76' lang='grc' dir='ltr'><strong><em>αἰσθητὸν</em></strong></span> <span class='ocrx_word' id='word_1_133' title='bbox 944 2118 1095 2206; x_wconf 87' lang='grc' dir='ltr'><strong><em>(τοιαῦτα</em></strong></span> 
     </span>
     <span class='ocr_line' id='line_1_17' title="bbox 79 2221 1135 2310; baseline -0.002 -18"><span class='ocrx_word' id='word_1_134' title='bbox 79 2227 121 2292; x_wconf 90' lang='grc' dir='ltr'><strong><em>δέ</em></strong></span> <span class='ocrx_word' id='word_1_135' title='bbox 143 2225 235 2291; x_wconf 80' lang='grc' dir='ltr'><strong><em>ἐστιν</em></strong></span> <span class='ocrx_word' id='word_1_136' title='bbox 257 2227 364 2290; x_wconf 81' lang='grc' dir='ltr'><strong><em>πάντα</em></strong></span> <span class='ocrx_word' id='word_1_137' title='bbox 386 2228 426 2289; x_wconf 89' lang='grc' dir='ltr'><strong><em>τά</em></strong></span> <span class='ocrx_word' id='word_1_138' title='bbox 449 2227 582 2309; x_wconf 81' lang='grc' dir='ltr'><strong><em>σώματα</em></strong></span> <span class='ocrx_word' id='word_1_139' title='bbox 604 2224 659 2289; x_wconf 79' lang='grc' dir='ltr'><strong><em>καὶ</em></strong></span> <span class='ocrx_word' id='word_1_140' title='bbox 682 2228 722 2289; x_wconf 90' lang='grc' dir='ltr'><strong><em>τά</em></strong></span> <span class='ocrx_word' id='word_1_141' title='bbox 745 2225 782 2290; x_wconf 82' lang='grc' dir='ltr'><strong><em>ἐν</em></strong></span> <span class='ocrx_word' id='word_1_142' title='bbox 805 2228 932 2310; x_wconf 81' lang='grc' dir='ltr'><strong><em>σώμασι</em></strong></span> <span class='ocrx_word' id='word_1_143' title='bbox 951 2227 987 2290; x_wconf 89' lang='grc' dir='ltr'><strong><em>τὸ</em></strong></span> <span class='ocrx_word' id='word_1_144' title='bbox 1008 2221 1093 2290; x_wconf 82' lang='grc' dir='ltr'><strong><em>εἶναι</em></strong></span> <span class='ocrx_word' id='word_1_145' title='bbox 1108 2256 1135 2298; x_wconf 74' lang='lat'><strong><em>1⁶</em></strong></span> 
     </span>
     <span class='ocr_line' id='line_1_18' title="bbox 78 2331 1094 2419; baseline -0.001 -21"><span class='ocrx_word' id='word_1_146' title='bbox 78 2337 212 2418; x_wconf 78' lang='grc' dir='ltr'><strong><em>ἔχοντα·</em></strong></span> <span class='ocrx_word' id='word_1_147' title='bbox 244 2341 347 2396; x_wconf 84' lang='grc' dir='ltr'><strong><em>ταῦτα</em></strong></span> <span class='ocrx_word' id='word_1_148' title='bbox 379 2333 441 2416; x_wconf 89' lang='grc' dir='ltr'><strong><em>γάρ</em></strong></span> <span class='ocrx_word' id='word_1_149' title='bbox 478 2334 565 2415; x_wconf 89' lang='grc' dir='ltr'><strong><em>μόνα</em></strong></span> <span class='ocrx_word' id='word_1_150' title='bbox 597 2333 751 2416; x_wconf 80' lang='grc' dir='ltr'><strong><em>αἰσθήσει</em></strong></span> <span class='ocrx_word' id='word_1_151' title='bbox 783 2331 1012 2419; x_wconf 84' lang='grc' dir='ltr'><strong><em>ὑποπέπτωκε)</em></strong></span> <span class='ocrx_word' id='word_1_152' title='bbox 1044 2336 1094 2416; x_wconf 91' lang='grc' dir='ltr'><strong><em>γί-</em></strong></span> 
     </span>
     <span class='ocr_line' id='line_1_19' title="bbox 78 2436 1095 2522; baseline -0.003 -17"><span class='ocrx_word' id='word_1_153' title='bbox 78 2447 201 2505; x_wconf 79' lang='grc' dir='ltr'><strong><em>νεσθαι</em></strong></span> <span class='ocrx_word' id='word_1_154' title='bbox 234 2438 289 2503; x_wconf 82' lang='grc' dir='ltr'><strong><em>καὶ</em></strong></span> <span class='ocrx_word' id='word_1_155' title='bbox 322 2438 536 2503; x_wconf 84' lang='grc' dir='ltr'><strong><em>ἀπόλλυσθαί</em></strong></span> <span class='ocrx_word' id='word_1_156' title='bbox 565 2457 684 2522; x_wconf 76' lang='grc' dir='ltr'><strong><em>φησιν,</em></strong></span> <span class='ocrx_word' id='word_1_157' title='bbox 722 2440 826 2516; x_wconf 86' lang='grc' dir='ltr'><strong><em>ὄντως</em></strong></span> <span class='ocrx_word' id='word_1_158' title='bbox 864 2436 900 2504; x_wconf 73' lang='grc' dir='ltr'><strong><em>δὲ</em></strong></span> <span class='ocrx_word' id='word_1_159' title='bbox 931 2438 1095 2522; x_wconf 89' lang='grc' dir='ltr'><strong><em>μηδέποτε</em></strong></span> 
     </span>
     <span class='ocr_line' id='line_1_20' title="bbox 78 2543 1094 2630; baseline -0.004 -18"><span class='ocrx_word' id='word_1_160' title='bbox 78 2543 180 2612; x_wconf 80' lang='grc' dir='ltr'><strong><em>εἶναι·</em></strong></span> <span class='ocrx_word' id='word_1_161' title='bbox 211 2556 300 2611; x_wconf 89' lang='grc' dir='ltr'><strong><em>πᾶσα</em></strong></span> <span class='ocrx_word' id='word_1_162' title='bbox 331 2546 395 2630; x_wconf 86' lang='grc' dir='ltr'><strong><em>γὰρ</em></strong></span> <span class='ocrx_word' id='word_1_163' title='bbox 429 2545 594 2628; x_wconf 87' lang='grc' dir='ltr'><strong><em>σωματικὴ</em></strong></span> <span class='ocrx_word' id='word_1_164' title='bbox 628 2546 729 2628; x_wconf 81' lang='grc' dir='ltr'><strong><em>φύσις</em></strong></span> <span class='ocrx_word' id='word_1_165' title='bbox 758 2544 795 2609; x_wconf 81' lang='grc' dir='ltr'><strong><em>ἐν</em></strong></span> <span class='ocrx_word' id='word_1_166' title='bbox 823 2554 927 2630; x_wconf 73' lang='grc' dir='ltr'><strong><em>τροπῇ</em></strong></span> <span class='ocrx_word' id='word_1_167' title='bbox 955 2543 1010 2608; x_wconf 80' lang='grc' dir='ltr'><strong><em>καὶ</em></strong></span> <span class='ocrx_word' id='word_1_168' title='bbox 1038 2544 1094 2608; x_wconf 86' lang='grc' dir='ltr'><strong><em>ἀλ-</em></strong></span> 
     </span>
     <span class='ocr_line' id='line_1_21' title="bbox 77 2649 1089 2738; baseline -0.003 -21"><span class='ocrx_word' id='word_1_169' title='bbox 77 2655 215 2718; x_wconf 83' lang='grc' dir='ltr'><strong><em>λοιώσει</em></strong></span> <span class='ocrx_word' id='word_1_170' title='bbox 238 2658 414 2736; x_wconf 77' lang='grc' dir='ltr'><strong><em>θεωρεῖται</em></strong></span> <span class='ocrx_word' id='word_1_171' title='bbox 439 2649 598 2715; x_wconf 88' lang='grc' dir='ltr'><strong><em>οὐδέποτε</em></strong></span> <span class='ocrx_word' id='word_1_172' title='bbox 622 2650 659 2715; x_wconf 83' lang='grc' dir='ltr'><strong><em>ἐν</em></strong></span> <span class='ocrx_word' id='word_1_173' title='bbox 681 2659 728 2738; x_wconf 78' lang='grc' dir='ltr'><strong><em>τῷ</em></strong></span> <span class='ocrx_word' id='word_1_174' title='bbox 747 2651 836 2737; x_wconf 78' lang='grc' dir='ltr'><strong><em>αὐτῷ</em></strong></span> <span class='ocrx_word' id='word_1_175' title='bbox 855 2649 1000 2734; x_wconf 92' lang='grc' dir='ltr'><strong><em>μένουσα</em></strong></span> <span class='ocrx_word' id='word_1_176' title='bbox 1019 2649 1089 2715; x_wconf 87' lang='grc' dir='ltr'><strong><em>ἀλλ’</em></strong></span> 
     </span>
     <span class='ocr_line' id='line_1_22' title="bbox 78 2756 1136 2841; baseline -0.002 -18"><span class='ocrx_word' id='word_1_177' title='bbox 78 2757 187 2824; x_wconf 79' lang='grc' dir='ltr'><strong><em>οἱονεὶ</em></strong></span> <span class='ocrx_word' id='word_1_178' title='bbox 211 2760 371 2841; x_wconf 79' lang='grc' dir='ltr'><strong><em>διηνεκῶς</em></strong></span> <span class='ocrx_word' id='word_1_179' title='bbox 394 2756 669 2840; x_wconf 82' lang='grc' dir='ltr'><strong><em>έπισκεναζομένη</em></strong></span> <span class='ocrx_word' id='word_1_180' title='bbox 694 2758 750 2823; x_wconf 87' lang='grc' dir='ltr'><strong><em>διά</em></strong></span> <span class='ocrx_word' id='word_1_181' title='bbox 768 2767 825 2841; x_wconf 82' lang='grc' dir='ltr'><strong><em>της</em></strong></span> <span class='ocrx_word' id='word_1_182' title='bbox 843 2766 903 2821; x_wconf 91' lang='grc' dir='ltr'><strong><em>τοῦ</em></strong></span> <span class='ocrx_word' id='word_1_183' title='bbox 923 2761 1095 2834; x_wconf 89' lang='grc' dir='ltr'><strong><em>λείποντος</em></strong></span> <span class='ocrx_word' id='word_1_184' title='bbox 1108 2787 1136 2827; x_wconf 70' lang='grc' dir='ltr'><strong><em>το</em></strong></span> 
     </span>
     <span class='ocr_line' id='line_1_23' title="bbox 78 2859 1094 2949; baseline -0.002 -19"><span class='ocrx_word' id='word_1_185' title='bbox 78 2865 353 2948; x_wconf 85' lang='grc' dir='ltr'><strong><em>ἀναπληρώσεως.</em></strong></span> <span class='ocrx_word' id='word_1_186' title='bbox 399 2865 500 2949; x_wconf 81' lang='grc' dir='ltr'><strong><em>δῆλος</em></strong></span> <span class='ocrx_word' id='word_1_187' title='bbox 528 2859 591 2929; x_wconf 86' lang='grc' dir='ltr'><strong><em>οὖν</em></strong></span> <span class='ocrx_word' id='word_1_188' title='bbox 614 2863 705 2928; x_wconf 81' lang='grc' dir='ltr'><strong><em>ἐστιν</em></strong></span> <span class='ocrx_word' id='word_1_189' title='bbox 728 2863 746 2927; x_wconf 87' lang='grc' dir='ltr'>ὁ</span> <span class='ocrx_word' id='word_1_190' title='bbox 770 2864 914 2928; x_wconf 90' lang='grc' dir='ltr'><strong><em>Πλάτων</em></strong></span> <span class='ocrx_word' id='word_1_191' title='bbox 938 2861 969 2940; x_wconf 80' lang='grc' dir='ltr'><strong><em>ἐξ</em></strong></span> <span class='ocrx_word' id='word_1_192' title='bbox 993 2864 1094 2948; x_wconf 80' lang='grc' dir='ltr'><strong><em>αὐτῆς</em></strong></span> 
     </span>
     <span class='ocr_line' id='line_1_24' title="bbox 78 2968 1094 3055; baseline -0.003 -18"><span class='ocrx_word' id='word_1_193' title='bbox 78 2972 188 3047; x_wconf 80' lang='grc' dir='ltr'><strong><em>εὐθὺς</em></strong></span> <span class='ocrx_word' id='word_1_194' title='bbox 217 2979 275 3053; x_wconf 79' lang='grc' dir='ltr'><strong><em>τῆς</em></strong></span> <span class='ocrx_word' id='word_1_195' title='bbox 305 2980 372 3035; x_wconf 85' lang='grc' dir='ltr'><strong><em>τῶν</em></strong></span> <span class='ocrx_word' id='word_1_196' title='bbox 401 2971 509 3035; x_wconf 76' lang='grc' dir='ltr'><strong><em>ὄντων</em></strong></span> <span class='ocrx_word' id='word_1_197' title='bbox 539 2969 730 3054; x_wconf 78' lang='grc' dir='ltr'><strong><em>διαιρέσεως</em></strong></span> <span class='ocrx_word' id='word_1_198' title='bbox 760 2969 816 3034; x_wconf 82' lang='grc' dir='ltr'><strong><em>καὶ</em></strong></span> <span class='ocrx_word' id='word_1_199' title='bbox 845 2973 926 3054; x_wconf 87' lang='grc' dir='ltr'><strong><em>πρίν</em></strong></span> <span class='ocrx_word' id='word_1_200' title='bbox 957 2994 988 3035; x_wconf 89' lang='grc' dir='ltr'><strong><em>τι</em></strong></span> <span class='ocrx_word' id='word_1_201' title='bbox 1018 2968 1094 3055; x_wconf 80' lang='grc' dir='ltr'><strong><em>περὶ</em></strong></span> 
     </span>
     <span class='ocr_line' id='line_1_25' title="bbox 78 3070 1095 3161; baseline -0.002 -18"><span class='ocrx_word' id='word_1_202' title='bbox 78 3087 141 3143; x_wconf 90' lang='grc' dir='ltr'><strong><em>τοῦ</em></strong></span> <span class='ocrx_word' id='word_1_203' title='bbox 174 3080 302 3160; x_wconf 90' lang='grc' dir='ltr'><strong><em>κόσμου</em></strong></span> <span class='ocrx_word' id='word_1_204' title='bbox 335 3078 441 3140; x_wconf 75' lang='grc' dir='ltr'><strong><em>εἰπεῖν</em></strong></span> <span class='ocrx_word' id='word_1_205' title='bbox 472 3086 540 3139; x_wconf 86' lang='grc' dir='ltr'><strong><em>τῶν</em></strong></span> <span class='ocrx_word' id='word_1_206' title='bbox 571 3086 719 3159; x_wconf 83' lang='grc' dir='ltr'><strong><em>γενητῶν</em></strong></span> <span class='ocrx_word' id='word_1_207' title='bbox 751 3070 836 3140; x_wconf 83' lang='grc' dir='ltr'><strong><em>εἶναι</em></strong></span> <span class='ocrx_word' id='word_1_208' title='bbox 873 3077 933 3140; x_wconf 89' lang='grc' dir='ltr'><strong><em>τὸν</em></strong></span> <span class='ocrx_word' id='word_1_209' title='bbox 968 3080 1095 3161; x_wconf 89' lang='grc' dir='ltr'><strong><em>κόσμον</em></strong></span> 
     </span>
     <span class='ocr_line' id='line_1_26' title="bbox 79 3179 1148 3267; baseline -0.008 -17"><span class='ocrx_word' id='word_1_210' title='bbox 79 3186 249 3267; x_wconf 73' lang='grc' dir='ltr'><strong><em>οἰόμενος·</em></strong></span> <span class='ocrx_word' id='word_1_211' title='bbox 277 3184 324 3258; x_wconf 81' lang='grc' dir='ltr'><strong><em>εἰς</em></strong></span> <span class='ocrx_word' id='word_1_212' title='bbox 352 3182 413 3245; x_wconf 85' lang='grc' dir='ltr'><strong><em>δύο</em></strong></span> <span class='ocrx_word' id='word_1_213' title='bbox 442 3182 505 3265; x_wconf 91' lang='grc' dir='ltr'><strong><em>γάρ</em></strong></span> <span class='ocrx_word' id='word_1_214' title='bbox 528 3190 630 3246; x_wconf 87' lang='grc' dir='ltr'><strong><em>ταῦτα</em></strong></span> <span class='ocrx_word' id='word_1_215' title='bbox 654 3179 788 3266; x_wconf 66' lang='grc' dir='ltr'><strong><em>διελλλεν</em></strong></span> <span class='ocrx_word' id='word_1_216' title='bbox 810 3183 850 3246; x_wconf 87' lang='grc' dir='ltr'><strong><em>τὰ</em></strong></span> <span class='ocrx_word' id='word_1_217' title='bbox 873 3183 964 3265; x_wconf 77' lang='grc' dir='ltr'><strong><em>ὄντα,</em></strong></span> <span class='ocrx_word' id='word_1_218' title='bbox 988 3182 1148 3260; x_wconf 63' lang='grc' dir='ltr'><strong><em>ε’λςωιποι.</em></strong></span> 
     </span>
     <span class='ocr_line' id='line_1_27' title="bbox 78 3283 1133 3373; baseline 0.003 -17"><span class='ocrx_word' id='word_1_219' title='bbox 78 3315 113 3356; x_wconf 85' lang='grc' dir='ltr'><strong><em>τε</em></strong></span> <span class='ocrx_word' id='word_1_220' title='bbox 147 3293 188 3355; x_wconf 90' lang='grc' dir='ltr'><strong><em>τά</em></strong></span> <span class='ocrx_word' id='word_1_221' title='bbox 220 3287 362 3372; x_wconf 87' lang='grc' dir='ltr'><strong><em>ἀγένητα</em></strong></span> <span class='ocrx_word' id='word_1_222' title='bbox 393 3287 449 3352; x_wconf 83' lang='grc' dir='ltr'><strong><em>καὶ</em></strong></span> <span class='ocrx_word' id='word_1_223' title='bbox 480 3289 521 3352; x_wconf 88' lang='grc' dir='ltr'><strong><em>τά</em></strong></span> <span class='ocrx_word' id='word_1_224' title='bbox 552 3290 685 3372; x_wconf 85' lang='grc' dir='ltr'><strong><em>γενητά,</em></strong></span> <span class='ocrx_word' id='word_1_225' title='bbox 718 3283 767 3353; x_wconf 84' lang='grc' dir='ltr'><strong><em>ὧν</em></strong></span> <span class='ocrx_word' id='word_1_226' title='bbox 794 3290 834 3352; x_wconf 91' lang='grc' dir='ltr'><strong><em>τά</em></strong></span> <span class='ocrx_word' id='word_1_227' title='bbox 861 3286 923 3372; x_wconf 70' lang='grc' dir='ltr'><strong><em>μὲν</em></strong></span> <span class='ocrx_word' id='word_1_228' title='bbox 952 3288 1094 3373; x_wconf 88' lang='grc' dir='ltr'><strong><em>ἀγένητα</em></strong></span> <span class='ocrx_word' id='word_1_229' title='bbox 1106 3317 1133 3359; x_wconf 79' lang='grc' dir='ltr'><strong><em>ει</em></strong></span> 
     </span>
     <span class='ocr_line' id='line_1_28' title="bbox 76 3391 1094 3481; baseline -0.004 -17"><span class='ocrx_word' id='word_1_230' title='bbox 76 3400 184 3481; x_wconf 85' lang='grc' dir='ltr'><strong><em>νοητά</em></strong></span> <span class='ocrx_word' id='word_1_231' title='bbox 213 3392 301 3461; x_wconf 85' lang='grc' dir='ltr'><strong><em>εἷναί</em></strong></span> <span class='ocrx_word' id='word_1_232' title='bbox 326 3414 440 3479; x_wconf 76' lang='grc' dir='ltr'><strong><em>φησιν,</em></strong></span> <span class='ocrx_word' id='word_1_233' title='bbox 472 3396 512 3458; x_wconf 88' lang='grc' dir='ltr'><strong><em>τά</em></strong></span> <span class='ocrx_word' id='word_1_234' title='bbox 544 3391 580 3459; x_wconf 70' lang='grc' dir='ltr'><strong><em>δὲ</em></strong></span> <span class='ocrx_word' id='word_1_235' title='bbox 613 3398 771 3479; x_wconf 86' lang='grc' dir='ltr'><strong><em>γινόμενα</em></strong></span> <span class='ocrx_word' id='word_1_236' title='bbox 804 3393 946 3472; x_wconf 81' lang='grc' dir='ltr'><strong><em>δοξαστά</em></strong></span> <span class='ocrx_word' id='word_1_237' title='bbox 974 3419 1009 3460; x_wconf 83' lang='grc' dir='ltr'><strong><em>τε</em></strong></span> <span class='ocrx_word' id='word_1_238' title='bbox 1039 3394 1094 3460; x_wconf 81' lang='grc' dir='ltr'><strong><em>καὶ</em></strong></span> 
     </span>
    </p>
   </div>
   <div class='ocr_carea' id='block_1_4' title="bbox 154 3638 1094 3712">
    <p class='ocr_par' dir='ltr' id='par_1_4' title="bbox 154 3638 1094 3712">
     <span class='ocr_line' id='line_1_29' title="bbox 154 3638 1094 3712; baseline 0 -15"><span class='ocrx_word' id='word_1_239' title='bbox 154 3651 177 3697; x_wconf 92' lang='grc'><strong><em>1.</em></strong></span> <span class='ocrx_word' id='word_1_240' title='bbox 198 3639 313 3712; x_wconf 71' lang='grc' dir='ltr'><strong><em>ὁασταν,</em></strong></span> <span class='ocrx_word' id='word_1_241' title='bbox 333 3661 349 3695; x_wconf 93' lang='grc' dir='ltr'><strong><em>ν</em></strong></span> <span class='ocrx_word' id='word_1_242' title='bbox 369 3640 432 3694; x_wconf 80' lang='lat' dir='ltr'><strong>add.</strong></span> <span class='ocrx_word' id='word_1_243' title='bbox 453 3657 481 3692; x_wconf 92' lang='lat' dir='ltr'><strong>m</strong></span> <span class='ocrx_word' id='word_1_244' title='bbox 500 3644 524 3707; x_wconf 76' lang='lat'><strong><em>2,</em></strong></span> <span class='ocrx_word' id='word_1_245' title='bbox 544 3638 574 3693; x_wconf 86' lang='lat' dir='ltr'>M</span> <span class='ocrx_word' id='word_1_246' title='bbox 646 3645 670 3693; x_wconf 86' lang='grc'><strong><em>3.</em></strong></span> <span class='ocrx_word' id='word_1_247' title='bbox 690 3638 751 3693; x_wconf 89' lang='grc' dir='ltr'><strong><em>κατ’</em></strong></span> <span class='ocrx_word' id='word_1_248' title='bbox 774 3641 843 3711; x_wconf 75' lang='grc' dir='ltr'><strong><em>ἐμὴν</em></strong></span> <span class='ocrx_word' id='word_1_249' title='bbox 862 3640 933 3695; x_wconf 82' lang='lat' dir='ltr'>Plat.</span> <span class='ocrx_word' id='word_1_250' title='bbox 997 3648 1023 3696; x_wconf 84' lang='lat'><strong><em>4.</em></strong></span> <span class='ocrx_word' id='word_1_251' title='bbox 1043 3643 1094 3711; x_wconf 77' lang='grc' dir='ltr'><strong><em>μὲν</em></strong></span> 
     </span>
    </p>
   </div>
   <div class='ocr_carea' id='block_1_5' title="bbox 78 3709 1093 3835">
    <p class='ocr_par' dir='ltr' id='par_1_5' title="bbox 78 3709 1093 3835">
     <span class='ocr_line' id='line_1_30' title="bbox 78 3709 1093 3782; baseline 0 -14"><span class='ocrx_word' id='word_1_252' title='bbox 78 3717 148 3768; x_wconf 80' lang='lat' dir='ltr'><strong>ante</strong></span> <span class='ocrx_word' id='word_1_253' title='bbox 171 3712 217 3768; x_wconf 79' lang='grc' dir='ltr'><strong><em>ἀεί</em></strong></span> <span class='ocrx_word' id='word_1_254' title='bbox 241 3728 375 3782; x_wconf 81' lang='lat' dir='ltr'><strong>superscr.</strong></span> <span class='ocrx_word' id='word_1_255' title='bbox 394 3729 422 3764; x_wconf 92' lang='lat' dir='ltr'><strong>m</strong></span> <span class='ocrx_word' id='word_1_256' title='bbox 441 3717 456 3763; x_wconf 80' lang='lat'><strong>2</strong></span> <span class='ocrx_word' id='word_1_257' title='bbox 475 3711 517 3777; x_wconf 82' lang='lat' dir='ltr'><strong><em>M3</em></strong></span> <span class='ocrx_word' id='word_1_258' title='bbox 547 3727 600 3764; x_wconf 90' lang='lat' dir='ltr'><strong><em>om.</em></strong></span> <span class='ocrx_word' id='word_1_259' title='bbox 619 3709 690 3764; x_wconf 77' lang='lat' dir='ltr'><strong>Plat.</strong></span> <span class='ocrx_word' id='word_1_260' title='bbox 751 3717 775 3765; x_wconf 80' lang='grc' dir='ltr'><strong><em>ὁ.</em></strong></span> <span class='ocrx_word' id='word_1_261' title='bbox 795 3711 960 3782; x_wconf 83' lang='grc' dir='ltr'><strong><em>γιγνόμενον</em></strong></span> <span class='ocrx_word' id='word_1_262' title='bbox 979 3711 1030 3781; x_wconf 75' lang='grc' dir='ltr'><strong><em>μὲν</em></strong></span> <span class='ocrx_word' id='word_1_263' title='bbox 1048 3711 1093 3768; x_wconf 78' lang='grc' dir='ltr'><strong><em>ἀεί</em></strong></span> 
     </span>
     <span class='ocr_line' id='line_1_31' title="bbox 750 3803 768 3835; baseline 0 0"><span class='ocrx_word' id='word_1_264' title='bbox 750 3803 768 3835; x_wconf 80' lang='grc' dir='ltr'>α</span> 
     </span>
    </p>
   </div>
   <div class='ocr_carea' id='block_1_6' title="bbox 77 3840 1128 4008">
    <p class='ocr_par' dir='ltr' id='par_1_6' title="bbox 77 3840 1128 4008">
     <span class='ocr_line' id='line_1_32' title="bbox 77 3840 1128 3953; baseline 0.005 -25"><span class='ocrx_word' id='word_1_265' title='bbox 77 3873 152 3929; x_wconf 71' lang='lat' dir='ltr'><strong>plat,</strong></span> <span class='ocrx_word' id='word_1_266' title='bbox 223 3879 263 3922; x_wconf 76' lang='grc'><strong><em>16.</em></strong></span> <span class='ocrx_word' id='word_1_267' title='bbox 285 3873 421 3940; x_wconf 67' lang='grc' dir='ltr'><strong><em>τωμασιίν</em></strong></span> <span class='ocrx_word' id='word_1_268' title='bbox 438 3870 526 3941; x_wconf 67' lang='grc' dir='ltr'><strong><em>σεεμ]</em></strong></span> <span class='ocrx_word' id='word_1_269' title='bbox 542 3870 575 3925; x_wconf 87' lang='grc' dir='ltr'><strong>Μ</strong></span> <span class='ocrx_word' id='word_1_270' title='bbox 648 3880 691 3932; x_wconf 87' lang='grc'><strong><em>16.</em></strong></span> <span class='ocrx_word' id='word_1_271' title='bbox 711 3840 791 3951; x_wconf 60' lang='grc' dir='ltr'><strong><em>μοάι,</em></strong></span> <span class='ocrx_word' id='word_1_272' title='bbox 817 3895 963 3953; x_wconf 55' lang='lat' dir='ltr'><strong><em>supeant.</em></strong></span> <span class='ocrx_word' id='word_1_273' title='bbox 980 3897 1015 3934; x_wconf 77' lang='lat' dir='ltr'>m</span> <span class='ocrx_word' id='word_1_274' title='bbox 1032 3884 1071 3947; x_wconf 57' lang='lat' dir='ltr'><strong><em>x,</em></strong></span> <span class='ocrx_word' id='word_1_275' title='bbox 1084 3874 1128 3931; x_wconf 55' lang='grc' dir='ltr'>Ἃ</span> 
     </span>
     <span class='ocr_line' id='line_1_33' title="bbox 138 3937 486 4008; baseline 0.017 -20"><span class='ocrx_word' id='word_1_276' title='bbox 138 3945 177 3988; x_wconf 74' lang='grc'><strong><em>24.</em></strong></span> <span class='ocrx_word' id='word_1_277' title='bbox 198 3937 332 4004; x_wconf 67' lang='grc' dir='ltr'><strong><em>διγειλλεν,</em></strong></span> <span class='ocrx_word' id='word_1_278' title='bbox 353 3954 389 3990; x_wconf 80' lang='lat' dir='ltr'><strong><em>ex</em></strong></span> <span class='ocrx_word' id='word_1_279' title='bbox 405 3959 431 4008; x_wconf 77' lang='grc' dir='ltr'><strong><em>η,</em></strong></span> <span class='ocrx_word' id='word_1_280' title='bbox 451 3941 486 3994; x_wconf 84' lang='grc' dir='ltr'>Μ</span> 
     </span>
    </p>
   </div>
   <div class='ocr_carea' id='block_1_7' title="bbox 0 0 1203 4208">
    <p class='ocr_par' dir='ltr' id='par_1_7' title="bbox 0 0 1203 4208">
     <span class='ocr_line' id='line_1_34' title="bbox 0 0 1203 4208; baseline 0 0"><span class='ocrx_word' id='word_1_281' title='bbox 0 0 1203 4208; x_wconf 95' lang='lat' dir='ltr'><strong><em> </em></strong></span> 
     </span>
    </p>
   </div>
  </div>
 </body>
</html>
