2394 4208
809 136 834 187 ,,

89 557 124 613 VI
142 559 189 632 29]
352 560 401 614 DE
419 559 676 614 AETERNITATE
694 559 815 615 MVNDI
1022 559 1085 624 231

84 727 281 808 φθαρτικῶν
307 747 339 787 τι
366 722 588 807 ὑπομένοντα·
616 723 656 787 οὐ
680 724 742 808 γὰρ
766 726 856 788 ἔστιν
878 732 938 789 τοῦ
961 726 1086 808 κόσμου

84 826 146 906 ἔξω
171 839 274 913 σῶμα,
298 826 358 912 ὑφ’
382 823 423 894 οὐ
446 828 488 895 ἀν
509 828 565 894 καί
587 829 692 894 πάθοι
714 851 747 893 τι
769 839 933 913 τοιοῦτον,
952 821 1026 894 οἷον
1048 831 1088 894 τὰ

82 932 159 999 καθ’
173 934 314 1000 ἕκαστον
328 937 456 1000 ἅπαντα
469 935 535 1000 ὐπὸ
553 944 614 1000 τοῦ
632 934 852 1023 περιέχοντος,
872 934 943 1001 ούά
949 985 959 1019 ,
977 937 1087 1021 ὥσπερ

83 1042 121 1105 τὰ
148 1039 290 1126 ἡμέτεροι
317 1044 451 1126 σώματα
473 1040 528 1106 καὶ
550 1052 618 1106 τῶν
640 1053 786 1129 μερικῶν
808 1041 947 1107 ἕκαστον
970 1042 1088 1125 διαφο-

83 1150 190 1232 ρεῖταί
210 1170 245 1211 τε
266 1146 333 1212 ὑπὸ
356 1157 417 1212 τοῦ
439 1147 650 1235 περιέχοντος
672 1146 726 1213 καὶ
749 1150 810 1232 τὴν
832 1158 892 1213 τοῦ
915 1153 1089 1225 λείποντος
1114 1172 1127 1213 ι

83 1251 318 1338 ἀναπλήρωσιν
340 1254 398 1318 ὐιά
419 1265 486 1319 τῶν
509 1253 635 1331 ἔξωθεν
657 1253 871 1318 ἐπεισιόντων
898 1254 1087 1340 εἰσδέχεται,

84 1359 170 1424 οὐιω
189 1359 230 1442 δὴ
249 1356 304 1423 καὶ
323 1359 341 1425 ὁ
361 1359 516 1445 οὐρανός·
539 1357 722 1445 οὐδὲνγὰρ
746 1362 837 1425 ἔστιν
860 1358 989 1436 ἔξωθεν
1011 1362 1088 1426 οὐτε

82 1465 119 1530 τὸ
133 1467 345 1552 ὐιαφορῆσον
359 1466 463 1532 αὐτὸν
477 1467 554 1531 οὔτε
571 1468 609 1532 τὸ
625 1466 770 1552 θρέψον·
788 1466 881 1531 αὐτὸ
897 1468 960 1551 γάρ
975 1466 1088 1554 αὐτῷ’,

83 1570 187 1656 φησὶν
215 1572 232 1638 ὁ
257 1573 415 1656 Πλάτων,
441 1572 584 1658 “ιροφην
612 1575 673 1657 την
700 1570 820 1637 ἑαυτοῦ
843 1576 968 1655 φθίσιν
989 1572 1088 1659 παρέ-

82 1680 197 1764 χεταί·
219 1678 240 1762 ἡ
260 1680 321 1766 γάρ
341 1681 444 1744 ἀλλον
464 1683 585 1764 φθίσις
603 1680 706 1744 ἀλλον
724 1680 832 1766 τροφὴ
851 1676 1020 1764 γίίγνεται·
1037 1694 1141 1737 ΐοισιν.

82 1784 101 1868 ἡ
129 1786 192 1870 γάρ
221 1794 281 1850 τοῦ
309 1784 407 1870 ἀέρος
434 1787 463 1850 εἰ
489 1787 584 1870 τύχοι
611 1787 727 1873 φθορά
751 1784 772 1868 ἣ
795 1785 917 1861 ὐύατος
939 1783 959 1866 ἢ
982 1785 1089 1869 πυρὸς
1102 1811 1126 1851 11

82 1894 208 1974 γίνεται
231 1890 371 1974 γένεσις,
393 1890 449 1957 καί
473 1890 615 1957 ἐπὶτῶν
638 1894 749 1957 ἀλλων
776 1892 940 1967 ὡσαύτως.
985 1891 1088 1976 ταύτη

82 1992 144 2063 οὐν
176 1997 231 2062 καὶ
263 1997 450 2083 ἀπροσδεὴς
482 1994 568 2063 εἶναι
604 2009 672 2062 τῶν
708 1997 834 2075 ἔξωθεν
870 2003 996 2084 εἴρηται
1032 1994 1088 2060 καὶ

82 2103 189 2180 οὕτως
211 2105 334 2181 ἀνοσός
355 2128 391 2169 τε
412 2103 468 2169 καὶ
491 2104 621 2190 ἀγήρως
640 2105 685 2181 ὡς
702 2107 745 2189 μὴ
765 2108 853 2189 ἔχειν
871 2103 1006 2186 ἔξωθεν,
1024 2100 1083 2186 ὐφ’

82 2204 123 2275 οὐ
149 2214 305 2294 πησεται,
333 2211 374 2275 ού
401 2213 468 2295 μὴν
495 2211 610 2275 διὰτὸ
634 2212 845 2295 κατὰφύσιν
866 2209 1031 2295 αὐτάρκης
1052 2232 1088 2274 τε
1101 2233 1128 2275 ιι

81 2310 167 2380 εἶναι
190 2313 246 2380 καὶ
269 2315 450 2393 ἀθάνατος·
472 2319 558 2403 μόνη
582 2318 644 2402 γάρ
667 2327 707 2402 ιη
730 2325 831 2402 νοητη
855 2316 1013 2402 οὐσίατὸ
1037 2315 1089 2382 ἀεὶ

80 2422 163 2486 κατὰ
190 2423 230 2486 τά
258 2421 341 2486 αὐτὰ
363 2421 419 2487 καὶ
442 2423 597 2500 ὡσαύτως
620 2426 708 2508 ἔχειν
730 2426 792 2507 ἔφη
816 2433 1004 2510 προσεῖναι,
1027 2424 1089 2507 τὴν

81 2523 119 2592 δὲ
142 2530 333 2612 σωματικὴν
355 2530 461 2613 φύσιν
482 2531 526 2614 μὴ
550 2530 671 2612 ταύτης
693 2524 779 2593 εἶναι
797 2538 855 2613 της
872 2528 1003 2613 τάξεως,
1020 2540 1088 2594 τῶν

80 2632 269 2717 γινομένων
291 2630 329 2699 δὲ
350 2644 460 2700 πᾶσαν
483 2635 537 2700 καὶ
556 2634 795 2720 ἀπολλυμένων
813 2630 909 2719 εἶναι,
928 2638 1033 2712 ὅντως
1051 2632 1088 2701 δέ

78 2738 243 2824 μηδέποτε
266 2741 382 2805 ὄντων.
427 2752 498 2818 πῶς
520 2736 584 2806 οὐν
606 2736 648 2806 αὐ
671 2742 773 2806 πάλιν
795 2739 851 2806 καὶ
869 2741 1014 2828 αὐτάρκη
1033 2739 1087 2805 καὶ
1101 2767 1128 2807 ιο

78 2845 248 2930 ἀπροσδεᾶ
274 2847 336 2930 τὴν
364 2847 469 2931 αὐτὴν
496 2845 587 2931 λέγοι
615 2849 672 2931 ἀν,
708 2849 737 2912 ελ
763 2848 806 2932 μὴ
830 2848 890 2912 τὸν
912 2846 1088 2932 εἰρημένον

78 2953 221 3035 τρόπον;
258 2951 309 3016 ὅτι
337 2954 400 3038 γὰρ
424 2952 487 3018 ἀπὸ
511 2954 632 3037 ταύτης
654 2963 712 3037 τῆς
734 2953 865 3030 ἐννοίας
887 2963 990 3018 ταῦτα
1011 2951 1088 3039 περὶ

78 3066 140 3122 τοῦ
167 3060 295 3142 κόσμον
322 3064 436 3143 φησίν,
465 3056 566 3125 οὐδὲν
593 3051 668 3124 οἷον
694 3057 750 3124 καὶ
773 3058 884 3124 αὐτῶν
906 3058 1087 3125 έποικοῦσαι

78 3173 147 3227 τῶν
174 3173 235 3229 τοῦ
262 3168 455 3249 φιλοσόφον
484 3166 651 3251 ῥημάτων·
678 3163 784 3249 φησὶν
811 3167 874 3251 γάρ
898 3164 935 3230 έν
962 3169 1086 3254 Τιμαίῳ

78 3277 183 3334 ταῦτα
202 3271 250 3334 ’ἔκ
267 3294 302 3335 τε
321 3272 361 3355 δὴ
381 3273 511 3337 τούτων
527 3270 582 3337 καὶ
604 3273 767 3338 τοιούτων
788 3269 844 3336 καὶ
862 3272 922 3337 τὸν
940 3271 1088 3358 ἀριθμὸν
1101 3296 1127 3338 ιι

78 3376 244 3462 τεττάρων
266 3378 303 3442 τὸ
326 3387 387 3443 τοῦ
410 3381 536 3462 κόσμον
560 3389 653 3463 σῶμα
676 3377 817 3461 ἐγενήθη
842 3375 886 3441 δι’
909 3377 1088 3461 ἀναλογίας

79 3480 292 3566 ὁμολογῆσαν
319 3487 436 3567 φιλίαν
463 3507 498 3548 τε
526 3487 622 3568 ἔσχεν
650 3482 685 3548 έκ
712 3484 850 3568 τούτων,
873 3485 956 3549 ὥστε
979 3486 1027 3561 εἰς
1049 3486 1086 3550 τὸ

81 3620 86 3629 ’
151 3645 175 3692 6.
200 3640 417 3710 επῙειῙσιοντων,
440 3656 475 3695 ex
497 3661 529 3710 η,
551 3640 581 3694 Μ
687 3646 712 3695 8.
738 3640 810 3695 Plat.
829 3640 900 3695 Tim.
920 3640 980 3696 880

79 3713 103 3761 9.
125 3714 167 3763 10.
186 3707 310 3781 παρέχον
328 3710 400 3766 ΡΙελ.
510 3718 551 3765 16.
570 3711 642 3766 Plat.
661 3711 732 3765 Tim.
752 3712 815 3766 28A
923 3718 964 3767 20.
986 3711 1087 3784 ὄντων]

79 3778 167 3842 ὅντως
185 3779 215 3833 Μ
301 3788 342 3835 26.
362 3781 434 3837 plat.
453 3782 524 3837 Tim.
544 3782 606 3835 3213
625 3784 683 3854 (καὶ
702 3781 749 3838 διὰ
768 3791 859 3839 ταῦτα
876 3781 909 3838 ἔκ
924 3801 955 3838 τε
974 3783 1015 3852 δὴ
1028 3782 1097 3836 τού-

69 3852 360 3970 χχωχὸκῆλαχοιούτων)
441 3858 483 3910 26.
504 3852 647 3929 ἐγεννήθη
666 3854 741 3914 ΡΙκύ.
825 3862 861 3914 ‘m
878 3875 926 3928 sq.
944 3856 988 3920 εὶς
1003 3851 1115 3909 ‘mm’
