2394 4208
51 567 97 639 ν]
337 564 385 619 οε
404 564 662 620 mmmm
680 565 802 622 Μτνοι
1010 568 1074 634 103

199 820 383 903 Πρόκλου
407 819 598 901 διαδόχου
622 820 739 902 λόγος
760 817 941 903 πέμπτος.

129 958 324 1044 «Πέμπτος
340 958 392 1024 ἐπὶ
406 961 549 1043 τούτοις,
563 961 592 1024 ελ
611 960 677 1043 ἅμα
696 960 829 1047 οὐρανῷ
848 963 968 1046 χρόνος
986 959 1077 1026 ἐστὶν

56 1066 117 1132 καὶ
142 1067 287 1152 οὐρανὸς
310 1065 455 1153 (χρόνῳ,
484 1067 559 1130 οότε
584 1066 748 1151 οὐρανὸς>
771 1069 861 1131 ἔστιν
886 1070 1009 1152 χρόνον
1032 1069 1076 1150 μὴ

59 1176 162 1249 ὄντος
185 1173 263 1236 οὔτε
286 1174 406 1256 χρόνος
429 1171 577 1257 οὐρανοῦ
600 1174 644 1256 μὴ
668 1175 771 1250 ὄντος.
817 1176 936 1258 χρόνος
960 1169 997 1237 δὲ
1016 1173 1077 1237 οὐκ

57 1276 107 1363 ἦν
130 1279 185 1343 ὅτε
208 1277 270 1343 οὐκ
292 1273 335 1360 ἦν
359 1274 439 1342 οὐδὲ
466 1280 555 1342 ἔσται
583 1277 637 1343 ὅτε
666 1279 727 1344 οὐκ
755 1283 857 1345 ἔσται·
886 1281 915 1345 εἰ
943 1280 1006 1364 γὰρ
1034 1275 1077 1362 ἦν
1104 1306 1117 1347 τ

60 1387 121 1451 ὅτε
143 1385 205 1450 οὐκ
227 1380 270 1468 ἦν
288 1387 423 1470 χρόνος,
451 1385 495 1462 ὡς
523 1388 631 1450 ἔοικεν
653 1386 707 1449 ὄτε
732 1387 793 1451 οὐκ
819 1382 862 1470 ἦν
889 1389 1008 1471 χρόνος
1034 1382 1078 1469 ἦν

61 1495 200 1578 χρόνος·
223 1491 260 1555 τό
284 1492 347 1576 γὰρ
370 1487 450 1555 ποτὲ
473 1489 514 1555 όν
537 1493 592 1556 διὰ
610 1493 647 1556 τὸ
671 1489 749 1556 ποτὲ
773 1494 816 1575 μὴ
841 1488 926 1557 εἶναι
949 1492 1077 1577 λέγεται

60 1594 152 1664 εἶναι
174 1596 268 1680 ποτέ,
295 1600 376 1682 μήτε
399 1596 449 1662 ἀεὶ
473 1596 514 1662 όν
536 1600 616 1681 μήτε
640 1597 813 1681 οὐδέποτε,
840 1597 942 1682 μέσον
965 1597 994 1662 δ’
1019 1599 1076 1684 ἆμ-

59 1714 161 1789 φοῑν·
192 1703 276 1769 ὅπου
305 1702 335 1768 δ’
362 1703 405 1768 ἂν
432 1697 454 1788 ᾖ
481 1705 519 1768 τὸ
547 1703 640 1787 ποτέ,
671 1707 790 1789 χρόνος
818 1703 915 1769 ἐστίν.
965 1703 1020 1769 καὶ
1048 1707 1078 1770 ελ

60 1814 157 1876 ἔσται
180 1809 234 1875 ὅτε
257 1810 319 1875 οὐκ
342 1813 432 1876 ἔσται
455 1814 583 1895 χρόνος,
606 1811 798 1894 μεταπεσὼν
820 1809 884 1874 ἀπὸ
908 1819 969 1875 τοῦ
992 1806 1077 1875 εἶναι
1092 1839 1118 1878 ιο

58 1912 145 1982 ποτὲ
169 1918 216 1994 εἰς
238 1918 276 1981 τὸ
300 1918 343 2001 μὴ
368 1912 453 1982 εἶναι
476 1914 554 1982 τοτὲ
573 1921 696 2003 χρόνον
716 1919 759 2001 μὴ
779 1919 875 1993 ὄντος
894 1920 983 1981 ἔσται
1002 1919 1078 2002 χρό-

60 2047 127 2100 νος
148 2026 232 2107 τότε,
255 2022 309 2088 ὄτε
332 2023 394 2088 οὐκ
413 2026 503 2088 ἔσται
521 2026 654 2108 χρόνος·
676 2025 714 2087 τὸ
734 2025 796 2108 γὰρ
815 2021 897 2088 ποτέ
913 2025 1078 2108 χροντκόν.

59 2132 94 2196 ελ
121 2124 183 2194 οὖν
205 2132 285 2214 μήτε
307 2125 351 2212 ἦν
373 2129 426 2194 ὅτε
451 2130 512 2194 οὐκ
534 2125 578 2213 ἦν
600 2133 719 2214 χρόνος
736 2133 817 2214 μήτε
836 2132 925 2194 ἔσται
944 2129 998 2194 ὅτε
1016 2128 1078 2194 οὐκ

59 2241 158 2302 ἔσται
181 2273 224 2285 -
247 2237 285 2300 τὸ
309 2238 372 2321 γὰρ
396 2234 448 2320 ἐφ’
473 2233 608 2321 ἑκάτερα
635 2235 716 2301 τοτέ
741 2236 803 2301 οὐκ
831 2238 928 2313 ὄντος
955 2238 1077 2321 χρόνον

59 2347 157 2409 ἔσται
180 2343 338 2428 χροντκὸν
361 2342 512 2428 ὑπάρχον
531 2381 583 2425 -,
607 2341 658 2407 ἀεὶ
682 2344 745 2428 ἄρα
768 2346 858 2408 ἔστιν
876 2345 1008 2428 χρόνος·
1032 2350 1077 2428 τῷ
1092 2366 1118 2408 ιτ

60 2451 130 2534 γὰρ
152 2448 234 2514 ποτέ
254 2447 274 2531 ἢ
294 2457 392 2514 τοῦτο
412 2448 628 2514 ἀποκείσεται
646 2448 666 2532 ἢ
686 2450 723 2513 τὸ
744 2449 915 2514 οὐδέποτε·
939 2448 1023 2513 ἀλλὰ
1040 2449 1077 2512 τὸ

60 2554 227 2622 οὐδέποτε
250 2554 431 2621 ἀδύνατον·
459 2558 549 2621 ἔστιν
576 2557 639 2642 γὰρ
667 2556 751 2632 ὄλως
777 2560 908 2641 χρόνος·
936 2555 986 2621 ἀεὶ
1015 2557 1078 2638 ἄρα

60 2666 157 2729 ἔστιν
175 2665 303 2746 χρόνος.
326 2663 392 2746 ἅμα
411 2658 481 2726 όὲό
501 2662 645 2747 οὐρανὸς
664 2669 669 2743 Ι
690 2665 797 2749 χρόνῳ
816 2661 870 2727 καλ
890 2662 1024 2748 οὐρανῷ
1034 2678 1073 2718 τοι
1083 2679 1131 2719 ur.

60 2770 199 2855 χρόνος·
227 2766 349 2853 μέτρον
376 2769 439 2853 γάρ
464 2767 553 2833 ἐστιν
576 2778 633 2852 τῆς
656 2777 715 2833 τοῦ
739 2768 886 2853 οὐρανοῦ
909 2770 1078 2851 κινήσεως,

59 2876 112 2953 ὡς
135 2874 153 2939 ό
177 2875 262 2940 αἰὼν
284 2884 341 2958 τῆς
368 2883 429 2939 τοῦ
455 2872 622 2961 αὐτοζῴου
652 2878 746 2957 ζωῆς·
775 2875 792 2939 ὃ
820 2872 875 2938 καὶ
903 2874 983 2938 αὐτὸ
1013 2875 1119 2940 όεί-το

60 2997 187 3045 κνυσιν
210 2979 261 3045 ἀεὶ
284 2982 344 3045 τὸν
367 2984 490 3066 χρόνον
514 2983 607 3064 ὄντα,
635 2982 756 3064 ἵναμὴ
781 2980 799 3045 ὁ
828 2981 911 3045 αἰὼν
937 2980 957 3063 ἢ
980 2982 1079 3065 μηδε-

60 3088 127 3163 νὸς
149 3079 170 3172 ᾖ
193 3087 400 3172 παράδειγμα
428 3090 551 3172 χρόνον
579 3088 622 3171 μὴ
652 3088 748 3163 ὄντος
774 3087 857 3150 αἰὼν
879 3086 1078 3171 ὑπόρχωνῆ

60 3189 150 3279 μηδὲ
173 3192 273 3270 αὐτὸς
296 3196 352 3279 ἔχῃ
375 3193 412 3258 τὸ
437 3191 487 3257 ἀεὶ
514 3192 627 3277 μένειν
651 3193 668 3257 ὄ
697 3192 787 3257 ἐστιν
808 3193 1021 3277 μεταβάλλων
1044 3191 1079 3256 ἐκ

59 3307 128 3364 τοῦ
150 3302 194 3383 μὴ
219 3294 304 3364 εἶναι
332 3302 379 3376 εἰς
405 3301 443 3364 τὸ
472 3294 557 3364 εἶναι
582 3298 602 3382 ἢ
632 3301 678 3376 εἰς
706 3299 743 3364 τὸ
771 3300 814 3382 μὴ
843 3294 928 3363 εἶναι
956 3297 991 3363 ἐκ
1018 3305 1079 3361 τοῦ

60 3402 153 3472 εἶναι
184 3405 400 3490 παράδειγμα.
452 3404 507 3470 καὶ
540 3406 558 3471 ό
591 3405 734 3490 οὐρανὸς
767 3405 830 3490 ἄρα
862 3403 951 3470 ἐστὶν
983 3403 1028 3479 ὡς
1061 3401 1119 3470 ὁετ

142 3586 167 3635 8.
187 3578 277 3652 χρόνῳ
292 3612 325 3620 -
340 3578 460 3648 οόροινός
479 3579 543 3634 add.
617 3587 683 3648 bsq.
704 3579 737 3633 cf.
757 3594 821 3648 pag.
839 3583 898 3645 104,
913 3584 946 3633 2³
957 3595 998 3647 sq.

66 3657 111 3706 10.
130 3651 325 3775 &anessfflm
344 3668 377 3705 ex
396 3670 420 3719 ο,
438 3652 469 3722 p]
489 3667 641 3719 μεταπεοον
661 3651 689 3704 Μ
707 3727 719 3738 ..
780 3656 821 3703 11.
841 3650 972 3721 χρονλολν
989 3649 1019 3702 M

67 3729 112 3777 14.
132 3741 219 3784 οντως
284 3726 331 3791 (cr.
350 3724 391 3791 pt)
465 3727 506 3776 15.
526 3723 684 3792 χρονιλκολν
702 3720 858 3791 οπαρ[χ]ον
876 3720 905 3773 Μ
983 3726 1023 3774 16.
1043 3719 1079 3775 cf.

62 3811 84 3863 p
126 3798 249 3860 .10⁶‚20
309 3792 503 3873 17.ὄλ1ως]Μ
558 3798 600 3846 19.
620 3792 652 3847 cf.
667 3809 732 3866 pag.
749 3797 811 3863 114,
825 3796 860 3847 22
916 3790 1094 3863 νινήτετοςό

58 3884 99 3983 λλ
119 3863 663 4015 νίτόἇαλι,ὁόώ’λὲ’ὄμλλλτ2ὄτ
733 3867 1126 4016 ἳότὶλόὄλζῗλόλὶςεεὴ
