2394 4208
54 554 80 607 ε
95 560 119 608 ι.
135 555 162 626 ι]
323 553 371 607 οε
389 550 647 607 mmmm
665 553 787 608 αναοι
999 553 1064 617 397

52 726 185 800 πνεῦμα
211 719 370 800 μεννᾶταί
394 739 429 781 τε
455 714 511 781 καὶ
538 724 584 804 τῷ
605 718 609 801 λ
628 715 728 782 παντὶ
759 717 982 803 διασπείρεται
1006 734 1046 775 toL
1057 736 1118 776 10³1-

55 826 196 909 σώματι,
224 822 408 907 ἀεικίνητος
435 818 519 889 οὖσα
547 822 584 889 έν
606 833 644 909 τῇ
668 825 751 889 κατὰ
772 826 877 889 τόπον
899 827 1064 911 μεταβολῇ

55 942 124 995 τῶν
154 932 236 995 κατὰ
263 932 303 995 τά
330 932 412 995 ἄλλα
439 931 531 1014 πάθη
560 930 770 996 ἀλλοιώσεων
798 931 839 996 οὐ
865 943 983 997 πασῶν
1013 933 1066 996 δε-

55 1039 149 1122 κτικὴ
174 1035 356 1121 καθέστηκε
374 1036 540 1125 σῳζομένη
566 1036 621 1103 καὶ
645 1036 806 1122 με’νονσα·
829 1039 906 1103 οὔτε
929 1040 991 1124 γαρ
1015 1039 1065 1103 δι-

56 1143 214 1230 αιρέσεως
243 1141 298 1208 καὶ
320 1144 461 1227 μάλιστα
482 1153 541 1227 τῆς
562 1144 644 1208 κατὰ
667 1145 724 1220 τάς
747 1146 875 1221 κοιλίας
898 1145 974 1208 οὔτε
998 1155 1065 1210 τῶν
1092 1170 1105 1212 ι

54 1252 139 1315 κατὰ
161 1252 218 1327 τάς
237 1251 428 1334 φλεγμονὰς
446 1249 683 1334 ἀποστημάτων
702 1249 862 1335 ἀνέχεται,
880 1250 925 1328 ὡς
944 1252 1067 1337 ἰατρῶν

57 1358 256 1422 διδάσκουσι
283 1357 414 1439 παῖδες,
442 1355 525 1420 ἀλλά
553 1357 678 1440 φθάνει
707 1358 768 1441 τὴν
795 1358 924 1421 τούτων
946 1358 1067 1442 σχεδὸν

56 1466 218 1530 σύστασιν
233 1463 315 1547 αὐτή
328 1486 363 1527 τε
377 1469 547 1547 φθαρεῖσα
560 1461 615 1528 καλ
633 1465 671 1528 τὸ
689 1473 756 1528 πᾶν
774 1464 1068 1551 συνδιαφθείρασα

56 1581 160 1654 σῶμα
205 1568 260 1633 καὶ
284 1570 335 1635 δεῖ
358 1592 395 1653 με
417 1577 463 1657 τῷ
487 1571 559 1634 δντι
582 1570 619 1635 τὸ
643 1571 784 1653 μάλιστα
806 1579 867 1635 τοῦ
886 1571 967 1636 ὅλον
986 1590 1066 1636 συν-

57 1678 278 1743 εκτικώτατον
309 1679 443 1763 μόριον,
475 1675 536 1754 ἔοις
568 1675 611 1741 ἀν
642 1678 680 1741 τὸ
713 1676 794 1742 ὅλον
826 1673 916 1742 εἶναί
944 1700 979 1742 τε
1010 1677 1065 1742 καὶ
1080 1703 1106 1744 ιο

57 1783 224 1872 σῴζεσθαι
258 1783 330 1870 δέη,
363 1783 443 1848 αὐτὸ
476 1784 521 1861 ὡς
552 1774 627 1848 οἷόν
658 1782 696 1847 τέ
726 1782 816 1848 έστιν
847 1782 884 1848 έν
911 1792 957 1871 τῷ
985 1786 1068 1849 κατὰ

57 1893 165 1977 φύσιν
192 1892 280 1976 τόπῳ
309 1913 343 1953 τε
371 1889 425 1954 καὶ
454 1891 535 1955 εῖδει
563 1888 747 1974 διαμένειν,
775 1891 832 1954 ἵνα
859 1893 896 1955 τό
924 1914 959 1955 τε
987 1890 1068 1955 ὅλον

57 1996 213 2081 συνέχειν
236 1997 375 2061 δύναται
398 1995 453 2061 καλ
476 1999 516 2062 τά
538 2006 703 2062 νοσοῦντα
725 1997 827 2062 πάλιν
850 1996 903 2062 ἐπὶ
926 1999 963 2061 τὸ
986 1999 1069 2062 κατὰ

59 2105 166 2188 φύσιν
190 2103 429 2168 ἀνακαλεῖσθαι
452 2105 566 2188 μόρια,
586 2094 660 2168 οἷόν
679 2102 769 2169 έστιν
787 2102 843 2168 καὶ
861 2113 922 2168 τοῦ
940 2106 1068 2188 κόσμον

56 2211 97 2274 τὸ
126 2210 286 2296 οὐράνιον
312 2209 426 2295 μέρος,
454 2204 494 2274 οὗ
520 2219 558 2295 τῇ
582 2214 710 2294 κινήσει
733 2212 773 2274 τά
797 2209 891 2287 ἐντὸς
914 2213 1067 2277 ἰθύνεται
1082 2233 1108 2276 ιι

58 2318 167 2382 πάντα
190 2319 331 2401 σώματα
373 2317 515 2399 εὔλογον
537 2311 600 2382 οὖν
622 2314 677 2382 καὶ
701 2317 781 2382 αὐτὸ
805 2329 872 2382 τῶν
896 2319 1006 2382 ἄλλων
1025 2318 1070 2395 ὡς

61 2423 115 2488 ὅτι
137 2424 277 2506 μάλιστα
299 2424 432 2487 πάντων
455 2424 580 2487 άνοσόν
603 2445 638 2487 τε
660 2422 716 2487 καὶ
739 2423 874 2508 ἀγήρων
893 2419 989 2507 εἶναι,
1008 2423 1070 2502 ἕως

60 2529 105 2593 διν
129 2529 146 2594 ὁ
169 2530 250 2606 θεὸς
272 2530 349 2593 τόδε
372 2530 409 2593 τὸ
432 2539 499 2593 πᾶν
522 2525 685 2614 σῴζεσθαι
708 2531 884 2613 βούληται,
913 2529 983 2594 ἀλλ’
1008 2530 1070 2595 οὐκ

60 2637 125 2721 ἤδη
150 2637 206 2700 διὰ
228 2644 326 2700 τοῦτο
349 2633 404 2700 καὶ
427 2638 595 2710 παντελῶς
618 2632 745 2712 ἀπαθές
764 2635 845 2701 αὐτὸ
864 2638 1071 2720 κατὰφύσιν

61 2742 118 2808 καὶ
148 2745 325 2827 ἄφθαρτον
354 2742 603 2825 ὑπολαμβάνειν
634 2742 786 2825 εὔλογον.
832 2742 882 2806 ὅτι
914 2739 976 2826 μέν
1008 2737 1072 2808 οὖν
1085 2767 1112 2808 ιο

61 2850 187 2928 ψεῦδος
216 2849 253 2912 τὸ
283 2848 391 2912 πάντα
421 2846 457 2912 έν
486 2854 532 2933 τῷ
561 2848 644 2911 κατά
674 2848 779 2931 φύσιν
809 2846 952 2932 μένοντα
981 2850 1070 2936 τόπῳ

63 2956 270 3039 ἀμετάβλητα
297 2949 382 3019 εἶναι
411 2952 508 3037 <καὶ>
536 2954 592 3018 διὰ
614 2962 712 3018 τοῦτο
736 2953 791 3019 καὶ
815 2955 922 3019 πάντα
944 2957 1073 3039 κόσμον

62 3061 290 3144 ἀμετάβλητόν
322 3084 356 3125 τε
388 3055 473 3125 εἶναι
505 3058 560 3124 καὶ
592 3062 786 3145 ἀφθαρτον,
823 3059 876 3126 ἐπὶ
911 3070 1073 3127 τοσοῦτον

63 3168 145 3251 ἡμῖν
167 3167 405 3252 ἀποδεδείχθω.

132 3271 173 3348 ς’.
203 3274 248 3337 Tb
272 3269 309 3338 δὲ
331 3274 372 3337 τὰ
393 3274 503 3360 κύκλῳ
526 3274 707 3356 κινούμενα
730 3271 840 3356 λέγειν
862 3275 942 3357 μήτε
968 3273 1073 3358 ἀρχὴν
1087 3297 1113 3340 ιι

66 3383 154 3464 ἔχειν
181 3383 261 3464 μήτε
288 3378 381 3456 τέλος
410 3383 569 3463 κινήσεως
598 3378 653 3444 καὶ
683 3388 782 3444 τοῦτο
813 3378 930 3456 ἀξιοῦν
964 3381 1074 3462 ὥσπερ

65 3488 141 3551 τινά
163 3487 281 3569 κοινὴν
303 3488 439 3550 ἔννοιαν
460 3486 541 3550 άνευ
563 3486 670 3568 πάσης
692 3487 910 3551 πιστεύεσθαι
941 3485 1075 3550 ἀποδεί-

139 3719 163 3768 3.
184 3716 336 3768 αλλοιωσεω
351 3714 393 3784 νῙ,
412 3730 446 3768 ex
465 3734 490 3782 ς,
509 3713 539 3766 Μ
646 3721 672 3768 4.
687 3720 711 3767 θ.
732 3711 891 3782 διαιρέσεως
915 3732 961 3768 sus
982 3717 1076 3769 ectum

140 3790 164 3839 6.
184 3788 282 3855 φλεμὶο
306 3721 404 3856 erasto
428 3801 462 3839 ex
486 3785 565 3854 εἶνας
586 3784 616 3838 Μ
724 3790 748 3840 9.
773 3784 846 3852 &vcta
868 3787 914 3854 τλο

66 3863 92 3910 9.
118 3862 159 3910 10.
188 3873 415 3911 οννεκτικοτατον
440 3855 472 3910 Μ
581 3860 623 3912 1'1.
653 3855 690 3914 ef.
714 3855 796 3914 anz.
814 3856 897 3912 'Vm
917 3855 993 3909 m

61 3932 103 3979 20,
123 3927 302 3995 αφθβαρβτον
317 3926 351 3979 Μ
448 3934 491 3983 21.
512 3927 579 3986 fort.
600 3929 700 3989 πάντα
720 3929 804 4007 <Q
909 3933 961 3981 Ὣ..
979 3923 1035 3976 καλ
1052 3917 1131 3969 ‘Q-
