2394 4208
30 9 852 369 -

76 576 179 651 τιτι]
342 577 392 633 οε
409 577 667 637 mmmm
685 566 807 636 ωναοι
1018 580 1082 646 237

69 739 144 806 ὑπὸ
167 750 236 806 τῶν
258 739 384 819 ἔξωθεν
407 741 539 827 άπαθής
561 745 673 809 διὰτὸ
691 742 774 829 μηδὲ
794 738 883 809 εἶναί
898 767 931 808 τι
948 741 1084 828 ἔξωθεν,

73 846 179 924 αὐτὸς
208 843 245 912 δὲ
274 845 332 931 ὑφ’
364 845 484 914 ἑαυτοῦ
512 851 631 934 πάσχει
662 873 698 915 τε
726 849 782 915 καὶ
809 854 937 933 φθίνει.
981 850 1018 914 τὸ
1047 847 1085 915 δὲ

71 962 233 1019 τοιοῦτον
263 954 340 1018 οὔτε
370 952 498 1032 ἀπαθὲς
527 957 628 1040 φύσει
659 957 736 1021 οὕτε
763 956 947 1021 ἀθάνατον·
984 953 1086 1021 οὐδὲν

74 1060 142 1145 γάρ
169 1070 238 1125 τῶν
263 1062 346 1125 κατά
373 1063 478 1145 φύσιν
506 1061 685 1129 ἀθανάτων
708 1055 783 1128 οἷον
804 1064 844 1128 τὰ
867 1064 984 1146 λογικά
1006 1058 1086 1127 οὐδὲ

73 1167 160 1231 κατά
186 1164 267 1251 μέρη
295 1168 434 1252 πάσχειν
460 1191 492 1233 τι
519 1167 709 1252 ήφθίνειν
737 1167 897 1253 πέφυκεν,
929 1167 999 1234 ἐπεὶ
1030 1167 1086 1234 καὶ
1113 1194 1126 1236 ι

76 1271 257 1358 ἀμερίστου
285 1272 340 1338 καί
368 1274 472 1358 ἁπλῆς
499 1274 638 1360 ὑπάρχει
666 1277 798 1358 φύσεως
824 1284 891 1341 πᾶν
918 1281 953 1340 εί
969 1280 1005 1340 τί
1023 1298 1085 1361 περ

76 1382 171 1445 ἐστιν
202 1380 285 1444 κατὰ
316 1381 423 1462 φύσιν
454 1379 634 1446 ἀθάνατον.
680 1381 816 1464 οὐκοῦν,
848 1382 878 1446 εί
909 1382 953 1466 μή
985 1383 1087 1465 φύσει

77 1485 250 1562 ἀθάνατος
273 1485 291 1551 ὁ
315 1488 452 1571 κόσμος,
480 1486 550 1551 ἀλλ’
574 1486 748 1571 ἐπίκτητον
770 1485 826 1552 καὶ
849 1486 1088 1571 ἐπισκευαστήν

76 1588 211 1668 ἔξωθεν
232 1593 294 1676 τὴν
316 1592 506 1658 ἀθανασίαν
529 1593 718 1679 εἰσδέχεται,
742 1595 842 1677 φύσει
866 1594 973 1677 δήπου
997 1591 1088 1658 ἐστὶν

73 1701 218 1781 θνητός·
250 1699 280 1762 εί
309 1695 470 1784 δὲφύσει
493 1701 722 1783 θνητὸςκατά
746 1701 919 1784 Πλάτωνα,
943 1699 1087 1782 εὐλόγως
1100 1726 1127 1766 ιο

75 1802 185 1888 ἀρχήν
206 1804 296 1892 αὐτῷ
318 1814 379 1870 τοῦ
403 1801 489 1871 εἶναι
512 1808 661 1872 δίδωσιν.
697 1806 752 1872 καί
776 1807 882 1882 οὕτως
904 1801 1006 1871 οὐδὲν
1028 1829 1087 1889 μα-

76 1912 223 1996 χόμενον
254 1909 360 1999 ἑαυτῷ
394 1911 430 1977 ἐν
461 1914 594 1990 τούτοις
626 1913 643 1979 δ
677 1914 821 1977 Πλάτων
851 1911 996 1977 ὑπέθετο
1032 1908 1087 1974 καὶ

75 2017 221 2100 γενητὸν
250 2012 336 2081 εἶναι
367 2016 473 2101 λέγων
502 2020 562 2084 τὸν
591 2021 719 2103 κόσμον
747 2016 802 2083 καὶ
831 2019 932 2102 φύσει
959 2017 1089 2099 θνητὸν

76 2120 137 2188 καὶ
165 2124 227 2206 την
254 2122 444 2189 ἀθανασίαν
470 2126 636 2209 μεθεκτὴν
663 2125 753 2212 αὐτῷ
782 2123 837 2189 καί
865 2120 950 2209 ὑπὲρ
983 2124 1089 2206 φύσιν

74 2229 170 2312 παρὰ
200 2237 261 2294 τοῦ
294 2231 602 2316 δημιουργήσαντος
633 2231 737 2296 αὐτὸν
769 2230 987 2315 ἐπιγίνεσθαι.
1037 2228 1128 2298 δτιιι

75 2329 118 2399 δὲ
145 2331 225 2399 οὐδὲ
252 2336 312 2400 τὸν
341 2340 497 2422 Πρόκλον
523 2347 627 2403 ταῦτα
654 2341 787 2421 ἔλαθεν,
815 2335 885 2402 ἀλλ’
913 2332 1007 2402 οἶδεν
1033 2333 1089 2400 καὶ

75 2439 179 2517 αὐτὸς
202 2439 355 2527 άκρήβῶς
377 2442 459 2508 ὅσον
483 2443 535 2508 ἐπὶ
557 2454 596 2530 τῇ
620 2446 726 2531 οἰκείᾳ
753 2446 852 2528 φύσει
878 2444 939 2509 τὸν
965 2444 1020 2507 κό-
1038 2459 1078 2500 101.
1092 2461 1140 2502 νοτ.

77 2550 186 2630 σμον’
192 2548 229 2611 τὸ
258 2546 309 2613 ἀεὶ
336 2545 422 2614 εἷναι
444 2550 506 2615 οὐκ
529 2553 646 2635 ἔχοντα
668 2552 784 2616 διὰτὸ
806 2559 916 2615 πᾶσαν
937 2551 999 2633 τήν
1021 2566 1084 2614 σω·

76 2654 220 2738 ματικήν
247 2656 353 2738 φύσιν
379 2656 444 2720 ὑπὸ
472 2655 719 2742 πεπερασμένης
750 2655 951 2740 συνέχεσθαι
983 2655 1084 2720 δυνά-

76 2781 180 2844 μεως,
221 2760 258 2825 τὸ
300 2757 337 2826 δε
377 2760 429 2826 άεί
465 2758 551 2828 εἶναι
589 2763 678 2850 αὐτῷ
715 2761 879 2850 ἑτέρωθεν
915 2761 1089 2844 ἐπίκτητον
1102 2789 1129 2829 ιο

76 2870 340 2951 προσγίνεσθαι,
363 2877 428 2932 νῦν
450 2865 487 2934 δὲ
509 2868 594 2953 ἡμᾶς
616 2867 701 2934 ἑκὼν
718 2872 970 2956 παραλογίζεται
988 2869 1025 2933 τὸ
1044 2869 1088 2951 μὴ

77 2976 288 3057 φθείρεσθαι
311 2974 371 3038 τὸν
393 2977 520 3059 κόσμον
543 2975 654 3052 ἁπλῶς
675 2977 758 3040 κατὰ
779 2977 944 3040 Πλάτωνα
967 2975 1089 3059 λαμβά-

78 3103 151 3144 νων
180 3078 236 3144 καλ
265 3081 309 3163 μή
341 3082 671 3167 προσδιοριζόμενος,
702 3092 773 3159 πῶς
801 3083 900 3147 τουτό
934 3097 1039 3164 φησιν
1071 3080 1089 3146 ὁ

80 3186 236 3270 Πλάτων,
265 3185 320 3250 καὶ
351 3185 387 3250 ἐκ
415 3189 537 3253 τούτου
567 3188 733 3271 συνάγων,
763 3188 814 3252 ὅτι
843 3186 899 3253 καὶ
928 3185 1090 3270 ἀγένητον

79 3292 141 3356 τὸν
170 3294 296 3377 κόσμον
327 3294 409 3357 κατά
440 3295 563 3379 χρόνον
595 3289 680 3359 εἶναι
712 3300 830 3377 οίεται,
867 3294 971 3378 δῆλον
1006 3293 1087 3377 ἡμῖν
1100 3319 1127 3360 ιι

80 3401 172 3464 ἔσται
201 3397 236 3462 ἐκ
260 3402 394 3464 πολλῶν
417 3399 531 3482 ὀλίγας
553 3398 657 3464 αὐτοῦ
679 3398 925 3485 παραθεμένοις
946 3402 1087 3485 χρήσεις.

81 3506 168 3570 διότι
191 3505 229 3568 τὸ
253 3503 304 3569 άεὶ
328 3503 369 3569 δν
391 3506 428 3570 τὸ
452 3506 574 3589 νοητὸν
596 3508 701 3590 μόνον
724 3501 813 3570 εἶναί
834 3523 948 3590 φησιν,
965 3516 1033 3572 πᾶν
1051 3503 1089 3571 δὲ

80 3610 118 3675 τὸ
148 3611 311 3693 αἰσθητὸν
339 3613 519 3695 γινόμενον
546 3606 631 3676 εἶναι
655 3608 711 3675 καί
735 3610 966 3696 ἀπολλύμενον
989 3611 1029 3677 όν
1052 3610 1090 3678 δὲ

105 3939 111 3950 ¹
152 3877 177 3926 8,
196 3890 336 3925 επικτιτον
350 3873 385 3926 Μ
459 3879 500 3931 13.
521 3893 661 3950 γεννητόν
678 3876 709 3934 Μ
742 3896 781 3936 or,
800 3881 833 3953 μή
912 3883 967 3935 Ἡ.
982 3873 1125 3932 cmxxx.

75 3939 221 3991 15122811
294 3946 334 3994 28.
353 3947 590 4024 απολλχυήμενον,
609 3969 646 4009 ex
667 3974 692 4028 ο,
