2394 4208
853 36 897 67 -ῐ

10 35 896 339 -.ι

78 529 119 585 τι
133 531 179 604 18]
346 530 394 585 DE
412 529 670 585 mmmm
688 527 810 584 Μνιιοι
1025 529 1090 594 175

77 692 290 778 συνέστηκεν,
312 692 369 759 καὶ
393 693 533 778 οὐδεμία
557 694 660 778 φύσις
683 692 775 758 ἐστίν
798 693 879 778 αὑτὴ
907 690 985 758 καθ’
1014 689 1089 756 ἑαυ-

76 803 138 886 τὴν
168 800 333 886 αὐτάρκης
364 799 575 887 ἐρημωθεῖσα
603 810 662 885 τῆς
693 799 729 865 έκ
762 802 884 866 τούτου
917 802 1089 884 σωτηρίας.

75 918 145 985 πῶς
169 905 211 972 άν
235 901 298 973 οὑν
320 931 371 984 τις
393 905 449 972 καὶ
472 907 533 972 τὸν
555 909 699 992 τυχόντα
722 915 807 972 νοῦν
826 910 910 993 ἔχων
929 902 1009 971 οὐδὲ
1027 906 1089 988 τὴν

75 1015 196 1098 κοινὴν
217 1012 293 1100 περὶ
316 1021 402 1079 θεοῦ
424 1012 595 1090 αἰδεσθείς
613 1013 783 1098 ὑπόληψιν
802 1012 838 1079 έν
855 1015 1089 1100 προβλήματος

74 1119 118 1186 άν
149 1124 227 1204 θείη
259 1124 375 1207 μοίρᾳ,
407 1121 437 1185 εί
466 1119 606 1185 ἕκαστον
628 1130 700 1184 τῶν
727 1122 835 1186 ὄντων
863 1119 899 1185 έκ
921 1126 1006 1185 θεοῦ
1031 1119 1087 1202 δη-
1116 1146 1129 1188 ε

74 1235 241 1313 μιουργοῦ
264 1224 388 1310 ὑπέστη
412 1225 432 1310 ἢ
457 1226 538 1291 αὐτὸ
561 1223 667 1313 ἑαυτῷ
686 1236 743 1311 τῆς
761 1226 974 1304 ὑποστάσεως
997 1227 1089 1293 ε’στιν
1113 1223 1118 1234 ’

75 1339 199 1414 αίτιον;
235 1331 310 1420 περὶ
338 1328 387 1399 ὧν
413 1333 527 1418 μέντοι
556 1334 601 1418 μὴ
623 1331 796 1420 προφανές
818 1333 919 1419 ἐστιν,
943 1341 1007 1400 είτε
1030 1338 1088 1420 ἥρ-

75 1438 175 1517 ξαντο
199 1448 259 1504 τοῦ
283 1435 369 1505 εἶναι
394 1445 459 1505 εῖτε
481 1442 540 1524 μή,
572 1440 682 1524 ὥσπερ
707 1442 773 1525 ἔχει
797 1438 854 1504 έπί
874 1463 908 1504 τε
931 1450 989 1525 τῆς
1011 1441 1088 1526 ἡμε-

75 1545 173 1632 τέρας
201 1555 309 1631 ψυχῆς
338 1544 393 1611 καί
421 1545 475 1611 έπὶ
503 1555 564 1612 τοῦ
591 1548 720 1630 κόσμου
747 1545 803 1611 καὶ
831 1544 953 1631 ἑτέρων
975 1559 1088 1631 τινῶν,

76 1654 220 1736 εὑλοχον
256 1658 360 1717 οῖεται
397 1652 415 1718 δ
454 1654 597 1717 Πλάτων
633 1653 697 1738 πρὸ
734 1652 869 1716 πάντων
905 1663 972 1718 τῶν
1012 1654 1088 1741 περὶ
1104 1682 1130 1722 ιο

78 1759 190 1825 αὐτῶν
213 1758 422 1844 ζητουμένων
444 1768 543 1824 τοῦτο
568 1760 641 1824 δεῖν
664 1763 844 1842 ζητεῖσθαι,
863 1764 928 1823 είτε
946 1758 1088 1844 ἤρξαντο

75 1875 137 1933 τοῦ
166 1861 252 1930 εἶναι
280 1871 345 1930 εῖτε
367 1869 425 1951 μη·
454 1866 505 1931 ὅτι
529 1866 593 1952 γὰρ
617 1860 710 1930 οἶδεν
733 1873 831 1930 τοῦτο
854 1864 1009 1952 καὶπερὶ
1032 1877 1089 1952 τῆς

75 1971 235 2058 ἡμετέρας
264 1982 372 2057 ψυχῆς
401 1973 490 2059 παρά
520 1982 590 2049 τοῖς
619 1975 756 2049 πολλοῖς
786 1970 1092 2057 ἀμφιδοξούμενον,

78 2090 195 2163 σαφῶς
222 2077 260 2142 έν
287 2086 334 2166 τῷ
362 2082 488 2167 Τιμαίῳ
518 2076 623 2162 φησὶν
650 2077 723 2162 ἤην
746 2074 783 2143 δὲ
806 2079 918 2164 ψυχὴν
941 2079 1016 2165 οὑχ,
1044 2079 1089 2157 ὡς

77 2195 143 2252 νῦν
166 2184 310 2270 ὑστέραν
333 2183 567 2271 ἐπιχειροῦμεν
589 2181 709 2269 λέγειν,
733 2184 839 2262 οὑτως
862 2184 1088 2271 ἐμηχανήσατο
1104 2212 1131 2254 ιε

75 2291 132 2358 καί
156 2291 174 2357 ὁ
198 2291 279 2368 θεὸς
302 2291 480 2378 νεωτέραν·
508 2291 549 2357 οὐ
572 2292 636 2377 γάρ
659 2289 701 2355 διν
724 2291 886 2377 ἄρχεσθαι
909 2293 1089 2378 πρεσβύτε-

77 2423 141 2486 ρον
168 2397 233 2463 ὑπὸ
262 2396 426 2484 νεωτέρου
456 2395 616 2483 συνέρξας
645 2404 769 2463 εἴασεν·
799 2397 882 2463 άλλά
903 2422 973 2477 πως
995 2400 1089 2485 ἡμεῖς

75 2508 164 2571 πολὺ
186 2503 377 2589 μετέχοντες
400 2514 461 2570 τοῦ
483 2508 731 2591 προστυχόντος
753 2527 788 2569 τε
810 2503 866 2570 καὶ
890 2507 961 2592 εἰκῇ
984 2509 1088 2593 ταὺτη

75 2635 121 2699 πη
144 2609 201 2676 καὶ
223 2609 377 2695 λέγομεν·
407 2606 472 2677 ὧδε
494 2610 550 2677 καὶ
573 2610 700 2695 γενέσει
723 2609 778 2676 καὶ
802 2611 900 2697 ἀρετῇ
923 2612 1089 2699 προτέραν

75 2717 131 2784 καὶ
154 2715 384 2804 πρεσβυτέραν
406 2719 519 2803 ψυχὴν
541 2719 691 2801 σώματος
714 2718 759 2795 ὡς
782 2718 940 2783 δεσπότιν
957 2717 1012 2783 καί
1032 2721 1088 2804 άρ-
1102 2745 1130 2785 ιο

75 2823 203 2903 ξουσαν
222 2822 406 2910 ἀρξομένου
426 2827 651 2910 συνεστήσατο
670 2822 706 2888 ἐκ
724 2823 834 2889 τῶνδέ
844 2847 881 2908 γε
895 2822 950 2888 καὶ
968 2825 1088 2911 τοιῷδε

75 2931 210 3020 τρόπφ’.
256 2932 340 2996 ὥστε
364 2927 457 2998 οἶδεν
480 2933 560 3009 τοὺς
581 2932 727 3007 πολλοὺς
749 2929 894 3015 ὑστέραν
917 2925 1002 2994 εἶναι
1027 2933 1089 3016 τὴν

75 3036 240 3124 ἡμετέραν
266 3040 378 3123 ψυχὴν
405 3049 463 3123 τῆς
491 3047 551 3103 τοῦ
580 3038 730 3121 σώματος
754 3046 957 3120 κατασκευης
980 3035 1088 3121 οἰομέ-

76 3169 167 3222 νους.
214 3142 266 3229 ἐφ’
295 3139 343 3211 ὧν
372 3139 436 3210 οὑν
459 3144 650 3229 άμφίβολόν
672 3143 773 3229 ἐστιν,
796 3149 860 3208 είτε
885 3140 1004 3228 ἤρξατο
1027 3153 1088 3209 τοῦ

76 3247 164 3317 εἶναι
193 3256 257 3315 εῖτε
284 3254 345 3335 μή,
372 3250 426 3316 ἐπὶ
453 3252 583 3316 τούτων
609 3251 673 3336 πρὸ
701 3261 769 3315 τῶν
796 3251 906 3315 ἄλλων
933 3249 1129 3317 ἁπάντωνεε

75 3357 321 3445 προβλημάτων
348 3356 386 3423 έν
412 3368 451 3444 τῇ
480 3356 555 3442 περὶ
578 3357 690 3421 αὐτῶν
712 3360 839 3443 θεωρίᾳ
862 3359 969 3440 ζητεῖν
991 3354 1088 3441 ἀξιοῖ,

76 3471 141 3530 εῖτε
175 3463 226 3529 άεὶ
255 3459 299 3548 ἦν
331 3463 490 3548 γενέσεως
517 3464 521 3548 λ
549 3463 654 3549 ἀρχὴν
683 3461 739 3528 καὶ
771 3472 831 3530 τοῦ
864 3458 949 3528 εἶναι
981 3465 1024 3548 μὴ
1041 3480 1144 3522 romu.

77 3575 211 3657 ἔχοντα,
238 3577 303 3636 εῖτε
331 3570 436 3657 ἀρχὴν
464 3579 524 3636 τοῦ
548 3567 633 3635 εἶναι
661 3568 797 3654 καὶτῆς
820 3569 979 3654 γενέσεως
1002 3575 1089 3655 εῖλη-

149 3771 174 3820 3.
197 3764 262 3821 fort.
286 3773 341 3818 τῶν
363 3761 503 3833 τυχόντων
526 3762 570 3834 (ef.
591 3767 637 3831 52,
656 3765 683 3833 2)
779 3768 823 3819 14.
840 3763 893 3836 τὴν
913 3761 946 3820 δέ
965 3763 1007 3834 δὴ
1016 3762 1102 3818 Q

77 3835 148 3890 Tim.
169 3836 231 3889 34ss
308 3840 348 3887 19,
365 3831 421 3889 ’ωδε
498 3832 565 3891 den
582 3833 657 3894 Plat.
742 3843 788 3896 20.
808 3837 947 3897 δεσπότιν
962 3836 1049 3894 M.
1066 3833 1121 3904 χοὶ.

67 3924 94 3973 p
107 3922 178 3957 man,
194 3906 267 3974 ρπβ]
280 3906 419 3974 δεσπότην
540 3914 584 3968 21.
605 3930 638 3985 χε
658 3911 703 3991 Μ]
724 3934 753 3972 τε
774 3912 857 3974 Phth.
