2394 4208
813 40 858 77 ’.Γ

10 39 840 342 -

71 532 107 588 VI
121 535 168 606 20]
332 531 381 587 DE
398 532 655 588 AETERNITATE
673 532 794 588 MVNDI
1008 531 1072 597 185

67 698 176 762 αἰτίου
195 697 286 773 τινὸς
304 695 471 785 γενομένῳ
491 693 601 781 φαμὲν
619 693 674 761 ὑπ’
693 696 801 760 αἰτίου
819 695 911 772 τινὸς
925 694 1073 778 ἀνάγκην

66 799 153 868 εἰναι
177 803 352 885 γίνεσθαί.
397 812 496 868 τοῦτο
520 799 557 867 ἀὲ
580 802 702 867 ταύτόν
724 801 823 884 ἐστιν,
847 801 954 887 ὥσπερ
979 799 1021 866 ἀν
1043 806 1078 865 εί

64 933 116 986 τις
145 912 272 992 ἔλεγεν,
303 909 354 974 ὅτι
383 910 421 974 τὸ
449 906 505 973 ὑπ’
533 911 641 974 αἰτίον
671 911 850 992 γινόμενον
881 906 936 973 ὑπ’
964 909 1073 973 αἰτίον

66 1020 207 1099 γίνεται·
235 1015 315 1100 ὅπερ
344 1014 435 1080 έστίν
462 1020 603 1099 γελοῖον.
649 1015 732 1079 ἀλλά
759 1015 801 1098 θη
829 1013 882 1079 καί
912 1013 1073 1100 ἀνωτέρω,

67 1122 105 1187 ἐν
128 1113 180 1198 οἷς
203 1125 315 1204 ἔλεγεν
338 1121 384 1186 ‘a'
404 1122 442 1185 τὸ
467 1120 507 1186 ὂν
530 1121 595 1205 ἀεί,
615 1121 746 1205 γένεσιν
769 1117 806 1185 δὲ
830 1121 891 1186 οὐκ
914 1123 1000 1205 ἔχον,
1018 1119 1073 1185 καί
1100 1146 1113 1187 ε

65 1231 101 1293 τί
121 1229 158 1292 τὸ
183 1231 361 1312 γινόμενον
387 1225 449 1312 μὲν
471 1227 536 1310 ἀεί,
565 1227 605 1293 ὂν
632 1224 669 1292 δὲ
697 1226 878 1310 οὐδέποτέ,
901 1227 952 1292 ὅτι
974 1228 1075 1292 πάλιν

66 1336 129 1418 τὴν
152 1333 283 1417 γένεσιν
306 1335 347 1399 οὐ
370 1336 431 1418 τὴν
453 1331 522 1399 κατ’
546 1335 654 1399 αἰτίαν
673 1333 756 1397 ἀλλὰ
773 1336 834 1417 τὴν
851 1334 1074 1418 κατὰχρόνον

68 1445 243 1524 σημαίνειν
269 1442 440 1523 βούλεται,
463 1440 645 1525 μονονουχὶ
668 1439 788 1523 λέγων,
811 1440 855 1516 ὡς
878 1450 945 1504 τῶν
968 1441 1075 1504 ὄντων

66 1549 107 1611 τοὶ
129 1544 191 1631 μὲν
214 1547 268 1612 ἀεί
288 1546 378 1612 ἐστιν
400 1550 440 1610 τά
463 1543 500 1611 ἀὲ
523 1546 587 1611 ἀπό
609 1569 700 1623 τινος
719 1545 826 1632 ἀρχῆς
837 1555 897 1610 τοῦ
917 1542 1001 1610 εἶναι
1020 1545 1075 1611 καί

67 1662 128 1718 τοῦ
159 1657 314 1736 γίνεσθαι
342 1650 478 1739 ἤρξατο,
506 1654 610 1737 δῆλον
636 1653 737 1717 πάλιν
765 1651 863 1728 αὐτὸς
891 1651 909 1717 ὁ
934 1653 1076 1716 Πίἀτων
1089 1681 1116 1721 10

69 1764 262 1844 πεποίηκεν·
289 1761 370 1843 μετά
396 1762 459 1845 γάρ
487 1762 524 1825 τὸ
553 1759 795 1844 ἀφορίσασθαι,
822 1762 857 1822 τί
881 1755 942 1842 μὲν
970 1759 1006 1822 τὸ
1035 1758 1075 1823 ὃν

70 1867 132 1949 ἀεί,
156 1866 287 1949 γε’νεσιν
310 1863 347 1931 δὲ
371 1867 432 1931 οὐκ
456 1869 542 1950 ἔχον,
561 1864 615 1931 καί
633 1870 668 1930 τί
683 1867 721 1930 τὸ
741 1869 918 1950 γινόμενον
935 1861 996 1948 μὲν
1014 1864 1075 1948 ἀεί,

70 1972 111 2038 ὂν
133 1969 170 2036 ἀὲ
195 1972 362 2056 οὐδέποτε,
385 1974 430 2050 ὡς
453 1973 494 2055 δὴ
517 1971 593 2057 περὶ
615 1982 683 2036 τῶν
704 1971 724 2054 ἢ
749 1970 800 2037 ἀεὶ
822 1974 930 2037 ὄντων
951 1970 971 2054 ἣ
995 1974 1076 2036 κατὰ

65 2082 193 2164 χρόνον
216 2079 400 2163 γινομένων
423 2076 559 2155 διδάξας
582 2077 686 2155 εὐθὺς
708 2079 810 2143 πάἰιν
831 2077 885 2143 καί
904 2079 964 2161 την
982 2102 1075 2162 ποιη-

67 2186 164 2268 τικὴν
191 2195 259 2249 τῶν
286 2184 472 2269 γινομένων
500 2185 610 2249 αἰτίαν
636 2183 845 2269 προσέθηκεν
873 2185 974 2249 εἰπὼν
998 2185 1076 2250 ’πᾶν
1089 2211 1115 2252 ιτ

69 2288 99 2354 θ’
137 2286 179 2355 αὖ
211 2292 248 2356 τὸ
286 2294 463 2375 γινόμενον
499 2288 554 2356 ὑπ’
592 2291 699 2356 αἰτίου
735 2293 827 2368 τινὸς
863 2290 895 2368 ἐξ
932 2291 1076 2376 ἀνάγκης

70 2400 260 2481 γίγνεσθαι·
287 2395 386 2462 παντί
415 2399 477 2482 γάρ
501 2397 669 2462 ἀδύνατον
691 2395 791 2482 χωρίς
814 2399 922 2462 αἰτίου
946 2398 1076 2481 γένεσιν

69 2505 168 2587 ἔχειν’
197 2513 365 2589 πανταχοῦ
394 2505 463 2589 ἰδία
490 2501 551 2588 μὲν
572 2503 729 2589 περὶτῆς
752 2503 923 2588 γενέσεως,
948 2505 1016 2590 ἰδίᾳ
1038 2502 1075 2569 ἀὲ

68 2608 144 2694 περί
168 2618 228 2674 τοῦ
251 2619 424 2693 ποιητικοῦ
448 2611 683 2694 διαλεγόμενος
706 2611 830 2693 αἰτίου,
854 2611 897 2687 ὡς
920 2610 1076 2692 δηλονότι

68 2724 128 2779 τοῦ
152 2720 306 2798 γίνεσθαι
328 2718 371 2800 μὴ
394 2717 455 2799 την
477 2719 651 2801 ποιητικὴν
674 2718 782 2782 αἰτίαν
804 2714 879 2801 παρ’
907 2715 996 2803 αὐτῷ
1020 2736 1075 2799 ση-
1090 2743 1116 2782 το

68 2826 261 2905 μαίνοντος·
290 2821 360 2886 ἐπεὶ
385 2827 562 2906 παρεῖλκεν
589 2822 631 2887 ἀν
659 2824 696 2887 τὸ
719 2828 918 2909 προσθεῖναι
941 2821 1019 2885 ρπίεν
1042 2820 1071 2886 θ’

69 2923 113 2993 αὖ
137 2929 175 2992 τὸ
198 2931 375 3011 γινόμενον
401 2926 457 2994 ὑπ’
486 2931 594 2994 αἰτίου
618 2926 856 3015 τινὸςῖἀνάγκη
881 2928 1076 3011 γίγνεσθαί.

69 3036 99 3100 εἰ
124 3035 186 3118 γάρ
211 3035 313 3099 εἰπὼν
336 3033 498 3118 (γέγονεν’
523 3035 640 3120 ὁρατός
663 3056 697 3098 τε
721 3035 783 3119 γάρ
808 3033 897 3099 ἐστιν
920 3032 1020 3110 ἁπτός
1042 3057 1077 3098 τε

67 3139 124 3205 καί
153 3152 246 3223 σῶμα
273 3142 367 3224 ἔχων
395 3141 432 3204 τὸ
459 3140 629 3223 γεγονέναι
650 3141 654 3224 1
676 3139 716 3205 οὐ
739 3141 776 3204 τὸ
800 3139 904 3224 ἀρχὴν
927 3142 1014 3224 ἔχειν
1029 3157 1069 3197 101·
1077 3159 1128 3199 τιν.

68 3256 130 3312 τοῦ
155 3243 239 3313 εἶναι
263 3249 374 3330 ἔλεγεν
398 3246 480 3311 ἀλλὰ
507 3247 544 3311 τὸ
572 3247 638 3312 ὑπὸ
665 3254 837 3329 ποιητικοῦ
865 3269 956 3324 τινος
982 3270 1077 3331 γεγο-
1091 3271 1116 3313 τι

69 3355 175 3437 νέναι,
198 3358 232 3417 τί
253 3356 300 3417 ἔτι
322 3357 513 3438 προσετίθει
537 3353 615 3417 (πᾶν
639 3350 667 3416 θ’
691 3347 733 3417 αὖ
757 3353 793 3416 τὸ
818 3355 995 3437 γινόμενον
1016 3350 1071 3418 ὑπ’

144 3588 166 3636 1.
187 3601 295 3650 αναγκη
314 3579 344 3634 Μ
415 3584 439 3633 3.
459 3580 490 3634 τὸ
525 3580 552 3660 t]
572 3588 620 3634 τοῦ
639 3581 668 3634 Μ
747 3577 838 3634 αἰτίον
856 3583 937 3667 q(ante
961 3577 1066 3661 γίνεται

69 3651 331 3777 ἀάἰοίἰίηνοίῦίίαει
354 3649 507 3791 (ἀοάἰΙῖἀν)
531 3651 664 3791 εομεῖτάἀί.
683 3721 713 3774 Μ
735 3649 1085 3777 ῙῙὲέΡίἀθίἰΓίἀῗξὲἰς

119 3899 126 3917 ,
144 3835 185 3883 18.
205 3829 311 3947 ξιμον,
331 3844 364 3881 ιι
381 3849 409 3896 η,
428 3828 471 3896 οη
494 3838 571 3901 ητα
589 3829 663 3888 mat.
757 3837 803 3889 ιι.
823 3815 856 3918 kq
874 3831 909 3887 οι
1002 3833 1056 3884 «ει,
1072 3826 1111 3891 ετ,

67 3901 191 3965 haynae
237 3901 274 3948 αἰ,
349 3904 388 3953 23,
410 3918 439 3954 τε
456 3904 537 3970 (ante
556 3904 623 3978 γάρ)
646 3925 702 3965 om,
724 3906 804 3966 Plab,
824 3907 907 3964 Tm,
923 3904 998 3964 ‘28ss
