2394 4208
88 572 117 627 V
128 576 159 648 4]
358 575 407 629 DE
425 575 682 630 AETERNITATE
700 575 821 630 MVNDI
1034 573 1096 639 117

86 743 175 802 θεοῦ
205 737 350 815 ἐννοίαις
377 739 397 822 ἡ
426 743 593 821 φαντασία
620 741 745 816 τύπους
777 739 857 823 ἡμῖν
888 737 943 802 καί
976 739 1098 821 ὄγκους

84 843 166 928 περὶ
191 844 295 910 αὐτοῦ
318 855 411 910 νοεῖν
433 845 726 930 ὑπολαμβάνουσα,
745 846 785 910 οὐ
809 848 875 930 μὴν
897 841 976 909 οὐδὲ
1000 844 1097 930 άχρό-

82 975 156 1028 νως
184 953 225 1015 τὰ
251 949 336 1035 ὑπὲρ
363 954 488 1037 χρόνον
516 951 672 1036 ἐννοῆσαι
700 953 874 1037 δυνάμεθα
899 950 953 1016 καί
977 951 1018 1015 οὐ
1042 951 1099 1015 διὰ

79 1059 151 1141 τὴν
182 1068 241 1142 της
276 1057 435 1143 ἡμετέρας
471 1063 616 1144 θεωρίας
651 1058 831 1124 ἀσθένειαν
868 1060 931 1143 ἤδη
969 1057 1023 1122 καὶ
1059 1060 1099 1122 τὰ

78 1166 266 1248 πράγματα
297 1166 404 1241 οὕτως
436 1167 524 1249 ἐχειν
551 1165 692 1249 ἀνάγκη,
720 1165 803 1231 άλλά
829 1174 875 1253 τῷ
903 1175 960 1248 τῆς
991 1175 1099 1249 ψυχῆς
1126 1187 1139 1229 5

81 1275 249 1359 κριτηρίφ
276 1273 314 1336 τὸ
342 1282 573 1356 παρεμπῖπτον
595 1271 632 1336 ἐν
655 1271 823 1359 τοῖςπερὶ
846 1279 931 1337 θεοῦ
955 1270 1009 1335 καὶ
1033 1282 1100 1336 τῶν

80 1378 275 1462 ἀσωμάτων
303 1377 449 1454 ἐννοίαις
476 1380 601 1443 άτοπον
633 1379 905 1463 ιἰποκρουόμεθα,
937 1379 1024 1443 οὕτω
1057 1379 1098 1462 δὴ

81 1488 205 1571 πολλῷ
232 1489 360 1568 μᾶλλον
386 1484 440 1549 καὶ
470 1483 506 1549 ἐν
529 1495 567 1571 τῇ
590 1483 665 1570 περὶ
688 1496 755 1549 τῶν
778 1486 978 1569 πραγμάτων
1002 1484 1098 1570 ἑρμη-

80 1596 164 1678 νείᾳ
183 1591 225 1656 ού
244 1601 283 1678 τῇ
301 1591 462 1679 ἀσθενείᾳ
485 1603 552 1656 τῶν
575 1590 695 1669 λε’ξεωυ
718 1591 893 1677 προσέχειν
917 1594 977 1674 δεῖ,
1002 1594 1030 1656 εί
1053 1593 1097 1675 μὴ

79 1701 209 1764 διόλου
237 1700 295 1775 τάς
323 1697 454 1775 ἐννοίας
480 1698 574 1783 ἡμῶν
602 1697 793 1783 άκραιφνῶς
820 1697 840 1781 ἢ
864 1701 904 1763 τά
926 1700 1098 1782 πράγματα
1111 1720 1138 1761 ω

81 1805 287 1891 ἑρμηνεύειν
310 1805 344 1869 αλ
367 1803 470 1882 λέξεις
493 1806 664 1889 δύνανται,
687 1803 742 1869 καὶ
766 1803 802 1869 ἐκ
824 1814 882 1888 τῆς
905 1803 1097 1881 λέξεωςκαὶ

82 1915 132 1996 μὴ
158 1921 217 1995 τῆς
238 1921 299 1976 τοῦ
322 1910 478 1994 λέγοντος
501 1912 652 1988 διανοίας
674 1917 844 1977 ποιεῖσθαι
869 1912 928 1975 τὸν
951 1914 1098 1994 ἔλεγχον·

82 2021 146 2085 διδ
178 2021 343 2083 πλειόνων
375 2021 437 2103 γάρ
470 2017 488 2082 δ
522 2020 621 2100 λόγος
653 2017 792 2101 ἔδειξεν,
824 2019 869 2094 ὡς
901 2017 941 2081 ού
969 2017 1099 2093 πάντως

80 2136 162 2202 ταῖς
176 2136 347 2209 χρονικαῖς
360 2123 489 2201 λε’ξεσιυ
503 2123 557 2189 καὶ
572 2127 693 2210 χρόνος
707 2128 975 2209 συνεμφαίνεται.
1005 2125 1098 2204 ὥστε,

80 2233 146 2297 ἰ’να
175 2232 327 2295 συνελὼν
354 2237 449 2313 είπω,
477 2232 514 2294 τὸ
542 2227 604 2315 μὲν
632 2233 698 2315 ἅμα
726 2231 859 2318 οὐρανῷ
888 2232 947 2295 τὸν
975 2232 1098 2315 χρόνον
1112 2248 1138 2290 1⁶

80 2336 265 2422 γεγονέναι
292 2341 400 2413 καλῶς
427 2335 481 2401 καὶ
510 2338 666 2402 Πλάτωνι
693 2336 748 2402 καὶ
776 2347 815 2423 τῇ
843 2336 984 2422 ἀληθείᾳ
1007 2337 1098 2401 δοκεῖ

81 2444 227 2530 (μέτρον
254 2445 318 2529 γάρ
347 2441 438 2507 ἐστιν
464 2453 522 2526 τῆς
545 2444 706 2529 οὐρανίου
729 2447 888 2528 κινήσεως
912 2443 929 2508 ὁ
953 2441 1098 2530 χρόνος),

80 2554 124 2617 τὸ
150 2547 189 2616 δὲ
213 2552 273 2613 τὸν
296 2552 421 2635 χρόνον
443 2549 549 2634 ἀρχὴν
571 2553 614 2635 μὴ
639 2553 727 2635 ἔχειν
750 2551 901 2635 οὐδαμοῦ
925 2551 985 2614 τὸν
1008 2551 1098 2614 Πλά-

81 2682 178 2724 τωνα
197 2658 366 2721 δεικνύειν
388 2654 452 2733 ἕξει
476 2681 536 2737 τις,
559 2656 635 2721 ἀλλ’
661 2663 800 2722 οίκοθεν
823 2658 841 2722 ὁ
866 2659 1019 2743 Πρόκλος
1042 2681 1097 2721 κα-

82 2764 301 2841 τασκευάζειν
324 2761 574 2847 ἐπικεχείρηκεν.
621 2763 671 2827 ὅτι
694 2761 756 2847 μὲν
778 2759 841 2828 οὖν
863 2763 968 2848 ἀρχὴν
991 2766 1056 2848 ἔχει
1080 2765 1139 2829 6²⁰

84 2872 225 2956 χρόνος,
253 2869 347 2953 ἡμεῖς
374 2868 411 2934 ἐν
440 2867 563 2954 ἑτέροις
587 2869 750 2953 δείξομεν·
773 2869 828 2935 καὶ
852 2870 869 2935 ὁ
895 2871 1038 2935 Πλάτων
1061 2869 1098 2936 δέ

84 2987 206 3060 σαφῶς
225 2974 292 3058 μετ’
316 2975 465 3060 ούρανοῦ
483 2975 656 3060 γεγονέναι
676 2976 778 3041 αὐτὸν
797 2982 927 3061 εἴρηκεν
946 2975 999 3041 καί
1018 2977 1099 3064 πρὶν

84 3083 239 3167 ούρανὸν
257 3082 415 3165 γενέσθαι
434 3084 477 3166 μὴ
498 3079 594 3165 εἶναι,
613 3083 673 3147 τὸν
695 3079 732 3147 δὲ
755 3083 902 3167 οὐρανὸν
925 3084 1098 3166 γεγονέναι

87 3187 197 3273 φησίν
215 3186 269 3253 ἀπ’
293 3187 394 3272 ἀρχῆς
411 3212 504 3265 τινος
522 3187 716 3274 ἀρξάμενον,
735 3189 779 3265 ὡς
798 3188 852 3253 καί
876 3189 893 3253 ὁ
918 3191 1099 3267 Πλάτωνος

87 3296 242 3379 μαθητὴς
260 3292 487 3379 Ἀριστοτέλης
506 3294 542 3359 ἐν
560 3303 605 3382 τῷ
630 3295 739 3382 ὀγδόῳ
763 3298 851 3383 λόγῳ
874 3305 932 3379 τῆς
955 3306 1099 3381 φυσικῆς
1112 3309 1138 3351 ²⁶

88 3401 278 3485 ἀκροάσεως
300 3410 339 3486 τῇ
362 3410 422 3465 τοῦ
446 3402 649 3466 διδασκάλου
674 3399 753 3487 δόξη
772 3404 1098 3488 προσεμαρτύρησεν·

88 3507 177 3591 λέγει
201 3509 264 3591 γάρ
288 3507 394 3584 οὕτως
417 3506 511 3571 εἀλλὰ
534 3510 600 3592 μὴν
622 3513 701 3592 περί
720 3531 758 3590 γε
781 3510 905 3593 χρόνου
926 3507 957 3585 ἐξ
978 3511 1099 3587 αἰῶνος

91 3613 317 3697 ὁμονοητικῶς
340 3616 470 3698 ἔχοντες
493 3617 671 3696 φαίνονται
694 3615 826 3692 πάντες·
850 3613 1012 3698 ἀγένητον
1035 3618 1097 3702 γὰρ

160 3813 203 3860 18.
220 3811 261 3860 19.
281 3805 343 3859 fort.
364 3804 501 3860 Πλάτωνα
526 3804 683 3880 (λέγοντα)
793 3811 838 3865 21.
856 3807 936 3865 Ρδῦξ,
950 3807 1033 3864 Tm.
1047 3808 1118 3865 ’δὶὶ

159 3883 200 3930 27,
218 3876 299 3928 λιταί,
315 3876 395 3943 phys
420 3878 448 3932 θ
464 3884 478 3931 1
496 3896 525 3948 p.
542 3879 619 3935 2611)
641 3888 676 3939 14
750 3883 779 3954 εξ
800 3905 910 3951 αιωνος
927 3883 965 3940 'A
982 3882 1035 3957 kd.
1049 3879 1138 3938 'mim

79 3943 121 3994 fol,
142 3945 230 4010 ww]
243 3943 298 4005 ἐξω
315 3942 379 4007 ἑνός
394 3947 480 4003 Arist.
