2394 4208
80 576 122 633 v]
135 579 182 653 ιι]
345 578 394 634 DE
413 578 670 634 λονοιιυιτιτο
688 543 810 634 αιτιοι
1025 577 1087 643 189

80 767 116 808 τε
140 742 335 807 ἀτλαντικοῦ
354 740 410 807 καὶ
428 746 599 807 πολιτικοῦ
617 744 820 827 πειρώμενος
839 743 1018 826 δεικνύναι,
1038 742 1087 806 ὅτι

82 852 231 934 γενητός·
256 845 356 914 οὐδὲν
379 849 441 933 γάρ
464 857 619 912 τοιοῦτον
642 846 705 925 ἔξει
729 847 765 913 ἐν
787 859 858 926 τοῖς
876 850 989 926 ἄλλοις
1007 873 1088 934 μαρ-

82 958 249 1042 τύρασθαι
271 956 355 1040 πρὸς
377 956 414 1019 τὸ
439 955 579 1037 γενητὸν
602 951 686 1020 εἶναι
706 955 742 1019 ἐν
761 955 849 1043 αὐτῷ
874 959 1010 1042 Τιμαίῳ·
1033 953 1088 1020 καὶ

84 1060 185 1129 οὐδὲν
208 1057 308 1145 ἦττον
331 1061 489 1145 ἀγένητος
511 1059 580 1124 κατ’
608 1061 730 1139 αὐτοὺς
754 1062 771 1127 6
796 1065 929 1147 κόσμος·
960 1073 1029 1138 πῶς
1052 1058 1089 1126 δὲ

83 1169 242 1253 ἀγένητος
273 1167 328 1232 καὶ
361 1169 416 1232 διά
443 1172 535 1244 τίνας
562 1169 668 1245 αἰτίας
696 1168 783 1252 λέγει
812 1168 915 1233 αὐτὸν
940 1170 1089 1252 γενητόν,
1116 1188 1129 1231 ι
1166 1192 1168 1199 ·

84 1282 219 1359 είρηται.
274 1274 360 1338 καθὸ
393 1269 455 1357 μὲν
487 1268 549 1337 οὖν
579 1275 719 1357 γενητὸν
751 1275 854 1340 αὐτὸν
885 1276 1089 1358 ὑποτίθεται,

84 1385 259 1466 ἄφθαρτος
277 1383 366 1445 ἔσται
385 1381 441 1444 διὰ
458 1379 517 1444 τὸν
535 1383 628 1462 θεόν,
647 1381 734 1444 καθὸ
754 1377 791 1445 δὲ
810 1381 969 1464 ἀγένητον
988 1377 1090 1464 οἶδεν,

85 1491 260 1572 ἄφθαρτος
287 1488 376 1551 ἔσται
404 1486 460 1549 διά
485 1488 547 1570 τὴν
574 1486 677 1550 αὑτοῦ
705 1488 819 1569 φύσιν,
846 1488 891 1563 ὡς
912 1485 967 1551 καὶ
988 1481 1091 1551 τᾶλλα

85 1596 191 1659 πάντα
215 1591 355 1676 ἀγένητα
378 1593 535 1676 άφθαρτά
557 1592 667 1658 ἐστιν’.
703 1589 884 1676 ταῦταμὲν
903 1588 1013 1670 οὗτος·
1036 1592 1090 1658 καὶ

86 1700 103 1764 6
129 1700 328 1784 Πορφύριος
350 1695 385 1762 δὲ
409 1696 464 1762 καὶ
488 1699 520 1762 οἱ
540 1696 612 1782 ἑξῆς
629 1699 749 1775 πάντες
766 1698 859 1783 μέχρι
878 1699 978 1782 δεῦρο
997 1722 1092 1783 γενη-
1105 1724 1131 1762 ιο

85 1810 144 1872 τόν
169 1826 272 1890 φασιν
294 1807 375 1870 κατά
397 1808 520 1890 χρόνον
543 1803 575 1882 ἐξ
598 1804 789 1881 ὑποθέσεως
811 1806 899 1889 παρὰ
920 1814 980 1869 τοῦ
1003 1806 1092 1869 Πλά-

85 1938 191 1990 τωνος
214 1912 369 1996 λέγεσθαι
395 1913 455 1977 τὸν
477 1915 602 1994 κόσμον
625 1920 684 1976 τοῦ
708 1920 836 1996 σαφοῦς
858 1921 916 1995 τῆς
938 1912 1092 1977 διδασκα-

86 2024 159 2097 λίας
191 2018 311 2083 ἕνεκεν.
365 2017 480 2102 μηδεὶς
512 2014 548 2082 δὲ
580 2018 659 2102 ἡμῖν
691 2017 886 2103 ἀδολεσχίαν
919 2017 1092 2100 ἐγκαλείτω

86 2126 162 2211 περὶ
185 2129 264 2202 τοὺς
287 2124 441 2210 ἐλέγχους
468 2135 535 2189 τῶν
562 2125 722 2189 τοιούτων
750 2124 1027 2208 ἐνδιατρίβουσιν·
1064 2125 1093 2189 εί

87 2231 149 2317 μὲν
177 2234 239 2317 γάρ
266 2256 332 2296 τινι
356 2231 500 2307 πιθανὸς
522 2241 589 2295 τῶν
612 2230 793 2315 εἰρημένων
816 2255 865 2307 τις
887 2233 985 2314 λόγος
1009 2226 1133 2297 εἷναιιτ

88 2339 225 2422 δόξειεν,
253 2338 440 2414 ἀκόλουθος
467 2338 574 2420 δήπου
603 2336 657 2401 καὶ
690 2338 707 2402 6
740 2335 815 2424 παρ’
842 2338 935 2422 ἡμῶν
964 2338 1094 2413 πάντως

89 2450 234 2530 ἔλεγχος·
262 2446 291 2509 εί
319 2442 358 2509 δέ
382 2468 432 2520 τις
457 2443 625 2508 ἀπίθανον
647 2445 708 2527 τὴν
730 2445 895 2510 ὑπόθεσιν
917 2447 1093 2528 νομίσειεν,

89 2552 150 2636 οὐχ
174 2552 192 2617 6
216 2553 275 2615 τὸν
298 2551 422 2635 στάχυν
443 2554 585 2635 θερίζων
608 2548 677 2614 ἀλλ’
697 2550 715 2615 6
734 2555 868 2636 σπείρας
886 2551 1016 2626 πάντως
1033 2558 1094 2614 τοῦ

88 2663 235 2744 θερίζειν
258 2655 348 2721 ἐστὶν
370 2661 486 2733 αἴτιος·
509 2654 623 2720 καὶτὸ
648 2657 735 2742 ἀλλςο
760 2653 796 2720 δὲ
819 2655 987 2720 ἀπίθανον
1010 2651 1093 2720 εἶναι

89 2764 192 2842 δόξαν
215 2762 328 2849 ἑτέρον
351 2763 509 2839 πολλάκις
531 2763 576 2839 ὡς
597 2763 744 2826 πιθανὸν
761 2772 819 2844 τῆς
842 2762 990 2839 διανοίας
1013 2768 1094 2826 καθ·
1110 2787 1136 2827 ιο

87 2875 206 2956 ηνατο.
251 2871 302 2934 δεί
330 2865 367 2934 δὲ
394 2868 499 2951 πάσης
523 2869 528 2952 Ι
554 2867 717 2952 ὀχλήσεως
744 2867 925 2953 ἐλευθέραν
954 2868 1034 2951 ἡμῖν
1052 2884 1147 2925 rol-⁷⁷1.

90 2977 330 3060 ἀναδειχθῆναι
362 2976 423 3058 τὴν
453 2975 620 3058 ἀληθειαν.
671 2976 700 3039 εἰ
729 2979 846 3039 τοίνυν
875 2975 920 3050 ὡς
949 2973 986 3038 ἐν
1015 2976 1095 3040 ὑιιο-

89 3083 182 3150 θέσει
211 3083 292 3145 κατὰ
319 3084 440 3165 χρόνον
468 3080 639 3164 γεγονέναι
667 3080 726 3143 τὸν
752 3083 877 3163 κόσμον
907 3081 925 3145 6
954 3083 1096 3147 Πλάτων

91 3187 196 3273 φησὶν
223 3187 265 3252 ζελ
292 3186 346 3251 καὶ
375 3185 530 3271 ἀγένητός
558 3187 658 3252 ἐστιν’
689 3184 731 3249 δι’
760 3185 960 3252 ἁστινασοῦν
991 3189 1096 3264 αἰτίας

89 3305 189 3361 τοῦτο
217 3293 471 3376 ὑποτιθέμενος,
498 3297 549 3370 τίς
571 3289 614 3376 ίην
636 3304 703 3357 τῶν
725 3303 861 3376 μακρῶν
884 3292 1018 3359 ἐκείνων
1041 3297 1097 3377 λη’·
1110 3317 1136 3359 ιε

88 3427 161 3487 Ιρων
185 3401 297 3476 αὐτοῖς
319 3401 358 3463 τὰ
385 3401 491 3464 πολλά
517 3408 577 3464 τοῦ
605 3407 744 3483 γενητοῦ
773 3403 996 3483 σημαινόμενα
1022 3422 1097 3464 κατ-

92 3506 366 3592 αριθμουμένοις;
395 3506 423 3570 ελ
446 3507 508 3591 γὰρ
532 3505 699 3588 εὐσεβείας
721 3503 742 3587 ἢ
767 3505 980 3583 διδασκαλίας
1001 3507 1097 3591 χάριν

168 3742 190 3788 1.
210 3736 393 3788 ἀντλαντικου
411 3733 440 3786 Μ
510 3751 674 3800 τειρομενος
692 3733 721 3785 Μ
800 3739 824 3786 3.
844 3734 918 3786 αὐτῶ
939 3735 1100 3802 suspectum

167 3813 208 3859 16.
227 3809 358 3874 πηθανος
376 3804 404 3857 Μ
466 3811 507 3859 18.
522 3804 685 3868 ἀκολούθως
698 3802 779 3860 Kroll
839 3810 885 3860 24.
902 3788 925 3877 δη
942 3805 993 3861 καὶ
1012 3801 1116 3876 ἀηευὲς

94 3876 247 3953 ἐστινΡλοί,
268 3875 332 3927 Tim,
349 3874 412 3954 2⁷⁰
462 3881 503 3930 25,
523 3894 569 3932 τισ
587 3898 624 3949 ην
642 3878 685 3954 Μ]
705 3877 748 3946 τίς
769 3878 919 3956 inst-,162
938 3873 975 3953 ἦν
998 3875 1131 3953 (χρόα)

80 3944 250 3993 Balaam
268 3943 314 4007 (τί,
333 3947 418 3997 eham
437 3952 499 4016 190,
516 3954 553 4007 26
572 3951 601 4008 τί
621 3950 676 4013 οὖν
697 3955 770 4032 ἔδει)
