2394 4208
73 506 114 563 αι
128 508 195 580 αι]
340 505 389 561 οε
406 505 664 561 mmmmm
682 504 803 561 mm
1016 505 1081 571 337

73 672 150 755 νείηι
182 668 234 733 ἐπὶ
266 669 303 733 τὸ
335 670 424 756 παρὰ
455 671 562 754 φύσιν
591 669 682 736 ὁδόν.
727 669 747 753 ἦ
778 663 841 734 οὖν
871 667 1083 753 δειξάτωσαν,

75 776 121 852 ὡς
149 774 189 839 οὐ
217 773 465 860 πεπερασμένης
491 774 582 841 ἐστίν
609 776 780 859 δυνάμεως
802 775 821 841 ὁ
843 778 966 860 κόσμος
987 774 1008 858 ἢ
1032 775 1083 840 ὅτι

74 880 303 966 πεπερασμένη
337 881 378 946 οὐ
410 885 560 969 φθαρτή,
590 885 627 966 ἢ,
659 883 689 947 εί
715 882 819 947 ταῦτα
845 880 935 948 ἐστιν
962 881 1085 966 ἀληθῆ,

75 987 202 1071 ἀνάγκη
230 996 318 1052 τᾶσα
344 986 400 1052 καὶ
427 990 487 1052 τὸν
512 991 639 1073 κόσμον
666 988 749 1054 ὅσον
782 987 834 1053 ἐπί
866 996 913 1076 τῷ
945 1010 1085 1074 αεαερα-

76 1094 186 1183 σμένφ
214 1104 271 1177 τῆς
295 1094 383 1171 ἰδίας
406 1095 578 1179 δυνάμεως
601 1096 754 1160 δεκτικόν
776 1117 810 1159 τε
834 1090 919 1160 εἶναι
943 1104 1001 1178 τῆς
1023 1103 1084 1160 τοῦ
1111 1120 1126 1161 ι

75 1202 167 1285 παρὰ
194 1201 299 1285 φύσιν
326 1205 442 1278 κακίας
464 1200 519 1266 καί
542 1202 599 1265 διδ
622 1210 720 1266 τοῦτο
745 1207 861 1287 φθορᾷ
884 1201 1086 1266 ὑποκεῖσθαι

77 1305 133 1371 καί
162 1307 217 1371 διὰ
244 1315 343 1371 τοῦτο
370 1309 414 1391 μὴ
443 1304 528 1372 εἶναι
552 1306 727 1391 ἀγένητον·
755 1309 791 1372 τὸ
816 1309 878 1391 γὰρ
901 1309 945 1391 μὴ
968 1309 1087 1390 βούλε-

77 1421 161 1479 σθαι
189 1414 248 1478 τὸν
275 1413 360 1477 θεὸν
389 1413 492 1478 αὐτὸν
519 1417 676 1500 φθείρειν
705 1415 781 1478 οὔτε
809 1414 866 1478 διὰ
892 1416 996 1496 λόγου
1020 1415 1087 1479 δει-

78 1519 195 1583 κνύειν
209 1521 344 1602 ἔχουσιν
362 1529 430 1583 τῶν
448 1521 496 1598 εἰς
513 1528 612 1585 τοῦτο
632 1519 867 1605 ἐπιχειρήσεων
885 1517 922 1583 ἐν
939 1526 986 1606 τῷ
1004 1518 1086 1608 ἕκτφ

80 1626 168 1711 λόγῳ
193 1622 420 1708 ἐληλεγμένων
442 1630 513 1709 καί,
535 1627 565 1690 εἰ
587 1634 686 1690 τοῦτο
708 1621 752 1708 ἦν
775 1623 913 1709 ἀληθές,
936 1624 977 1690 οὐ
999 1627 1088 1712 παρὰ
1101 1652 1129 1692 ιο

79 1738 179 1794 τοῦτο
207 1731 244 1795 τὸ
273 1732 374 1815 φύσει
403 1734 581 1819 ἄφθαρτον
608 1731 712 1796 αὐτὸν
735 1727 821 1796 εἶναι
845 1732 1007 1815 εἰσήγετο·
1043 1732 1087 1814 μὴ

79 1835 129 1900 ὢν
159 1832 196 1900 δέ
225 1837 326 1921 φύσει
357 1839 535 1925 ἄφθαρτον
565 1837 648 1902 ἀλλὰ
680 1839 837 1924 φθαρτὸν
864 1836 920 1901 καὶ
952 1839 1089 1920 γενητός

81 1941 172 2008 ἐστιν
195 1941 228 2019 ἐξ
251 1941 403 2026 ἀνάγκης.

149 2047 186 2128 ζ’.
215 2047 313 2113 Ἀλλὰ
337 2050 378 2132 δὴ
402 2049 457 2114 καὶ
482 2052 522 2114 τὰ
545 2048 661 2134 ἐφεξῆς
683 2058 744 2115 τοῦ
768 2052 871 2133 λόγου
894 2050 1088 2133 κατίδωμεν.

78 2135 124 2218 '‘el
148 2150 185 2218 δὲ
207 2156 251 2238 μὴ
275 2157 455 2242 φθαρτόν’,
478 2159 572 2239 φησί,
599 2156 647 2220 ‘rb
678 2165 755 2240 πᾶν,
783 2157 870 2220 διότι
899 2152 1004 2240 μηδὲν
1033 2158 1131 2242 ἔχητε

82 2262 283 2345 φθαρτικόν,
311 2258 391 2326 οὐδὲ
414 2265 554 2345 γενητόν
576 2260 679 2327 ἐστιν·
712 2260 744 2339 ἐξ
768 2257 810 2326 οὗ
832 2263 895 2347 γὰρ
918 2262 938 2346 ἡ
962 2261 1090 2345 γένεσις

83 2365 223 2454 ἑκάστω,
247 2375 346 2432 τοῦτο
370 2365 495 2456 ἑκάστω
518 2372 719 2455 φθαρτικόν·
752 2364 920 2454 κρατηθὲν
942 2364 1003 2452 μὲν
1026 2370 1089 2453 γὰρ

82 2471 242 2556 γενέσεως
272 2477 461 2558 συναίτιον,
489 2484 656 2561 κρατῆσαν
686 2471 723 2539 δὲ
752 2480 898 2560 φθορᾶς·
935 2475 1033 2559 ὥστε,
1061 2475 1091 2540 εἰ

82 2577 187 2663 μηδέν
210 2578 302 2644 ἐστιν
321 2580 325 2664 Ι
347 2580 428 2645 αὐτὸ
452 2587 608 2666 φθεῖρον,
632 2577 734 2646 οὐδὲν
758 2583 834 2664 ἔχει,
857 2579 891 2657 ἐξ
910 2574 951 2644 οὗ
969 2578 1012 2644 δν
1027 2597 1146 2639 τοιαῦτ.

83 2685 213 2769 γένοιτο
232 2684 286 2750 καὶ
305 2688 345 2750 τδι
364 2684 457 2771 ἑξῆς.
492 2685 601 2764 δείξας
624 2686 641 2752 ὁ
667 2689 836 2772 Πρόκλος,
859 2688 904 2762 ὡς
928 2685 1090 2771 ἐνόμισεν,
1104 2712 1132 2752 νο

84 2790 120 2855 ἐκ
147 2800 207 2856 τοῦ
234 2792 319 2855 θεὸν
346 2787 431 2857 εἶναι
460 2794 520 2858 τὸν
541 2796 668 2877 κόσμον
690 2794 727 2858 τὸ
751 2790 855 2877 μηδὲν
878 2794 965 2877 ἔχειν
989 2792 1093 2857 αὐτὸν

83 2899 187 2961 κακὸν
215 2896 269 2962 καὶ
299 2898 356 2962 διὰ
382 2908 482 2964 τοῦτο
505 2897 609 2984 μηδὲν
633 2902 721 2984 ἐχειν
744 2899 935 2985 φθαρτικὸν
958 2896 994 2963 ἐκ
1016 2901 1093 2965 τού-

83 3027 143 3068 του
167 3004 269 3068 ττόλιν
294 3015 446 3091 πειρᾶται
474 3006 659 3088 δεικνύναι,
688 3007 733 3082 ὡς
760 3001 839 3070 οὐδὲ
867 3002 1018 3087 γέγονεν·
1053 3006 1091 3069 τὸ

86 3111 165 3175 αὐτὸ
200 3112 261 3196 γάρ
294 3130 399 3194 φησιν
429 3111 485 3176 καὶ
521 3119 655 3198 φθορᾶς
692 3109 747 3175 καί
783 3110 942 3194 γενέσεως
973 3117 1093 3194 αἴτιον,

86 3217 169 3281 ιἰλλίι
198 3214 365 3300 κρατηθὲν
394 3214 456 3302 μὲν
485 3217 658 3302 γενέσεως,
688 3226 855 3304 κρατῆσαν
885 3214 922 3282 δὲ
949 3224 1093 3303 φθορᾶς.
1107 3242 1134 3283 ιο

86 3330 177 3408 εἴπερ
206 3317 270 3388 οὖν
296 3327 490 3409 φθείροιτο,
518 3328 632 3408 φησίν,
660 3325 697 3388 τὸ
726 3333 793 3388 πᾶν
814 3322 1016 3408 τεταγμένον
1038 3320 1094 3388 καὶ

85 3429 342 3513 κεκοσμημένον,
372 3428 428 3494 ὑπ’
457 3430 595 3507 οὐδενὸς
623 3429 665 3494 δν
692 3434 868 3515 φθείροιτο
897 3429 917 3513 ἦ
945 3430 1010 3495 ὑπὸ
1037 3439 1094 3514 τῆς

159 3664 182 3711 9.
201 3659 294 3729 τοῦτο]
314 3678 419 3726 τουτων
437 3660 466 3713 Μ
570 3664 593 3712 9.
613 3674 676 3727 pag.
694 3664 752 3727 128,
769 3666 782 3711 l
799 3676 838 3727 sq.
941 3664 981 3712 14.
1001 3675 1094 3712 κατει-

87 3731 178 3797 δωμεν
196 3729 226 3781 Μ
312 3735 354 3786 15,
373 3730 397 3784 εί
416 3729 447 3784 δε
466 3729 617 3799 ἄφθαρτον
635 3733 743 3795 313,17
826 3727 896 3798 μηδὲ
915 3728 962 3800 ἔχη
982 3732 1093 3796 318,18

159 3801 246 3924 εχληχ,
265 3815 299 3853 ex
317 3818 350 3868 ει,
368 3801 398 3854 Μ
472 3808 513 3857 16,
550 3800 702 3874 ελνλητον,
719 3817 757 3856 ex
774 3801 852 3871 ε,Μ
922 3797 1111 3853 &mmm

87 3875 212 3938 φθαρτικ
231 3892 248 3924 ν
265 3876 324 3938 313,
340 3876 375 3924 19
447 3878 489 3929 19.
510 3822 580 3930 οόδέ
598 3878 662 3946 81⁶2,
675 3877 727 3928 ‘2⁸2'

126 3966 236 4007 Imm
249 3969 410 4013 Pmorom
424 3973 460 4014 εδ.
477 3975 568 4020 Baba,
931 3950 983 4010 Ὦ
