2394 4208
86 548 150 602 xm
165 550 193 622 1]
358 548 407 603 DE
425 548 683 604 εοεαεωιυεωιι
701 548 823 605 mm
1029 549 1100 616 483

86 712 149 776 οὐκ
179 714 323 795 ἐκφυλός
351 735 403 789 τις
430 710 487 777 καὶ
517 711 593 796 ξένη
621 723 688 778 τῶν
715 713 886 799 τεσσάρων
914 713 1098 798 στοιχείων,

86 817 119 895 ἐξ
142 812 191 883 ὧν
214 819 232 884 ὁ
254 828 319 896 πᾶς
341 821 464 903 κόσμος
487 817 699 903 συνέστηκεν,
720 819 741 903 ἡ
764 828 825 885 τοῦ
849 818 1010 906 οὐρανίου
1033 820 1097 885 σά-

84 928 187 1010 ματός
210 925 301 991 ἐστιν
324 927 441 1009 φύσις,
465 927 542 990 οίαν
564 925 582 991 ὁ
602 922 829 1012 Ἀριστοτέλης
850 926 913 1009 τὴν
933 935 995 991 τοῦ
1017 924 1097 1010 πέμ·

85 1054 170 1097 πτου
194 1034 343 1116 σώματος
370 1040 417 1120 τῷ
444 1030 544 1097 παντὶ
574 1032 681 1116 φύσιν
710 1031 917 1117 εἰσέφρησεν,
947 1029 1018 1096 ἀλλ’
1046 1031 1098 1097 ὅτι

85 1140 196 1203 αὐτῶν
224 1139 245 1222 ἡ
275 1140 493 1225 καθαρωτάτη
522 1148 623 1223 μοῖρα
649 1138 686 1202 τὸ
715 1137 877 1224 ούράνιον
904 1137 1098 1206 ἀπετέλεσεν
1118 1164 1137 1210 ,ε

86 1246 267 1330 σύγκραμα.
316 1256 387 1323 πῶς
414 1240 478 1310 οὖν
504 1254 570 1310 νῦν
596 1245 677 1328 ἡμῖν
703 1245 765 1328 τὴν
792 1242 850 1329 ἐφ’
872 1242 1008 1331 ἑκάτερα
1030 1255 1098 1311 τῶν

85 1354 196 1435 λόγων
228 1351 499 1437 ἐπιδεικνύμενος
531 1352 676 1436 δύναμιν
712 1361 915 1435 συκοφαντεῖ
945 1348 1008 1436 μὲν
1037 1354 1098 1419 τὸν

87 1460 384 1544 συνηγορούμενον
407 1459 587 1541 Πλάτωνα,
611 1457 712 1535 αὐτὸς
734 1453 771 1522 δέ
793 1458 949 1543 πρύμναν
972 1456 1010 1522 ἐν
1026 1469 1098 1536 τοίς

86 1567 199 1649 λόγοις
222 1566 449 1651 κρουσάμενος
471 1567 678 1654 παλινῳδίαν
701 1562 791 1650 ᾄδει;
815 1563 898 1629 άλλά
915 1561 1098 1650 ταῦταμὲν

84 1672 206 1757 μικρὸν
232 1673 375 1758 ὕστερον
402 1670 554 1757 δείξομεν
581 1670 614 1748 ἐξ
643 1671 747 1736 αὐτοῦ
774 1693 810 1736 τε
833 1671 1014 1749 Πλάτωνος
1040 1670 1096 1739 καὶ
1111 1698 1137 1739 ιο

83 1790 152 1842 τῶν
180 1788 301 1844 τοῦτον
330 1776 696 1863 ὑπομνηματισαμένων
724 1776 779 1842 καὶ
807 1787 864 1861 τῆς
891 1788 959 1842 τῶν
986 1779 1097 1843 άλλων

85 1882 296 1972 φιλολσόφων
322 1884 398 1971 περὶ
426 1886 530 1951 αὐτοῦ
558 1888 740 1970 μαρτυρίας
767 1882 823 1949 καί
851 1883 955 1948 αὐτοῦ
979 1879 1017 1948 δὲ
1039 1900 1149 1942 rol-1⁹³1·

85 1995 243 2077 Πρόκλου
266 1993 470 2078 προάγοντες
491 1993 550 2069 τὰς
571 1995 713 2074 πίστεις,
736 1991 781 2068 ὡς
805 1991 947 2055 Πλάτων
970 1988 1007 2054 ἐκ
1028 1999 1097 2055 τῶν

82 2099 253 2184 τεσσάρων
275 2102 449 2183 στοιχείων
470 2098 531 2162 τὸν
554 2097 703 2183 οὐρανὸν
722 2103 922 2180 συγκεῖσθαι
939 2097 1096 2180 βούλεται

83 2206 221 2270 ἅπαντα.
267 2203 373 2269 ἐκεῖνο
404 2201 442 2269 δὲ
471 2213 537 2268 νῦν
565 2215 699 2291 πρῶτον
732 2202 930 2286 ἐξεταστέον,
961 2209 996 2268 εί
1019 2227 1096 2268 τινα
1109 2228 1135 2271 ιι

82 2312 234 2395 πιθανὴν
261 2321 347 2394 γοῦν
374 2310 531 2396 ἀφορμὴν
559 2309 576 2375 ὁ
604 2312 704 2394 λόγος
731 2313 797 2394 ἔχει
824 2317 870 2396 τῷ
898 2310 1007 2396 κύκλῳ
1035 2311 1096 2375 τὸν

84 2417 233 2502 οὐρανὸν
255 2424 422 2483 κινεῖσθαι
446 2417 578 2500 λέγοντι
596 2418 634 2482 τὸ
653 2415 707 2482 καὶ
727 2415 840 2502 ἑτέρας
858 2416 962 2481 αὐτὸν
979 2415 1096 2494 οὐσίας

83 2520 170 2589 εἶναι
202 2526 290 2609 παρὰ
322 2526 362 2589 τά
393 2523 535 2610 τέσσαρα
565 2523 800 2589 ὑποτίθεσθαι.
849 2523 907 2600 τάς
938 2519 1000 2607 μὲν
1031 2517 1096 2587 οὖν

79 2627 328 2715 Ἀριστοτέλους
357 2627 440 2717 ὑπὲρ
471 2640 532 2696 τοῦ
561 2628 711 2714 πέμπτον
741 2625 830 2694 εἶναί
854 2653 886 2693 τι
914 2640 1008 2713 σῶμα
1034 2629 1095 2693 τὸν

84 2737 232 2824 οὐρανὸν
261 2737 478 2822 ἐπιχειρήσεις
507 2736 545 2802 ἐν
573 2746 644 2813 τοῖς
670 2737 755 2820 πρὸς
782 2735 885 2800 αὐτὸν
914 2733 994 2823 (σὺν
1023 2741 1094 2823 θεῷ
1108 2761 1135 2802 το

83 2842 121 2910 δὲ
157 2842 320 2930 εἰρήσθω)
356 2841 615 2928 λεχθησομένοις
652 2842 912 2924 ἐπισκεψόμεθα·
957 2851 1023 2907 νῦν
1056 2839 1094 2908 δέ

83 2960 246 3016 τοσοῦτον
273 2951 380 3034 μόνον
407 2949 426 3014 ὁ
456 2951 556 3032 λόγος
579 2947 735 3030 ἐξετάσει,
760 2948 789 3011 εί
811 2949 980 3031 μαχόμενα
1003 2949 1093 3013 Πλά-

83 3083 151 3123 των
180 3056 324 3122 ὑπέθετο
356 3056 391 3120 ἐκ
420 3056 527 3141 πυρὸς
555 3058 713 3120 πλείστου
743 3055 802 3120 τὸν
832 3053 979 3139 οὐρανὸν
1007 3050 1093 3120 εἶναι

85 3163 202 3248 λέγων,
231 3163 412 3247 σφαιρικὸν
439 3158 476 3226 δὲ
503 3161 593 3249 αὐτῷ
621 3170 729 3245 σχῆμα
750 3158 806 3225 καί
829 3161 889 3242 τὴν
911 3161 1022 3248 κύκλφ
1044 3164 1093 3226 κί-

82 3288 182 3352 νησιν
209 3271 253 3345 ὡς
281 3270 409 3333 οἰκείαν
435 3268 613 3355 ἀφορίζων.
658 3269 687 3332 εί
714 3263 776 3351 μὲν
803 3259 866 3331 οὖν
893 3265 1019 3352 άνάγκη
1043 3290 1094 3345 τις
1106 3292 1133 3335 ιι

153 3487 177 3535 2.
197 3479 272 3551 τίον]
292 3478 415 3550 όῐῖνῂου]
435 3478 466 3531 M
526 3484 550 3531 8.
571 3476 605 3533 cf.
620 3477 704 3531 Arist.
720 3475 756 3530 de
770 3475 847 3531 caelo
862 3482 883 3530 A
898 3483 913 3530 3
928 3496 954 3547 p.
967 3477 1042 3531 270b
1057 3482 1092 3530 20

153 3594 176 3641 3.
192 3593 217 3640 ι.
236 3584 390 3640 movM
471 3591 494 3640 ι.
515 3569 698 3655 συγκρίραω
795 3588 837 3637 ιο.
861 3582 895 3637 ef.
915 3589 980 3651 ιιι,
1001 3588 1091 3652 usq.

154 3665 194 3713 11.
209 3678 258 3726 της
271 3657 314 3725 Μ;
332 3656 395 3711 fort.
410 3654 460 3718 τὰς
474 3655 544 3727 (scil.
559 3652 711 3724 μαρτυρίας
724 3654 914 3725 προάγοντες),
929 3653 963 3709 cf.
980 3659 1041 3723 512,
1056 3660 1090 3708 22

153 3790 193 3838 14.
214 3781 366 3854 [βουλλεται
385 3781 414 3833 Μ
505 3786 547 3834 16,
566 3738 798 3850 χόῦύ>πιλλαλνην
818 3779 968 3848 αφολρριητ
981 3777 1022 3828 Ἃ.
1034 3847 1046 3859 ⁸

71 3852 280 3976 th'ouffmv]
297 3869 423 3920 πεμπτον
440 3851 471 3906 Μ
563 3857 606 3909 24.
627 3853 660 3910 δε
680 3849 875 3924 mpetum&
974 3845 1057 3910 um
1071 3839 1133 3905 Q

924 4003 987 4062 W
