2394 4208
32 25 838 353 -

778 142 800 191 ἢ.

82 580 140 637 vn
153 587 178 637 τ.
192 582 222 655 ο]
348 581 398 638 ου
416 581 673 638 mmmm
691 581 812 639 mm
1023 583 1088 649 261

81 742 140 810 καλ
169 743 252 831 ἀρχὴ
275 749 436 831 κινήσεως
457 746 482 830 η,
501 747 605 831 φυγή,
633 744 695 810 οὐκ
718 747 782 832 ἄρα
804 754 861 828 της
883 747 966 810 κατὰ
986 748 1091 812 τότιον

81 853 245 935 κινήσεως
275 851 380 937 ἀρχὴν
410 846 499 916 εἷναί
526 868 632 935 φησιν
660 852 721 935 τὴν
749 851 860 935 ψυχὴν
888 849 906 916 ὁ
935 851 1090 917 Πλάτων·

83 957 105 1042 ἡ
129 953 167 1022 δὲ
188 959 299 1045 κύκλφ
323 961 453 1041 κίνησις
475 959 557 1023 κατὰ
578 959 683 1023 τόκον
706 956 796 1025 ἐστὶν
817 962 961 1041 κίνησις·
983 956 1090 1037 καίέξ

85 1063 197 1129 αὐτῶν
224 1064 288 1149 ἄρα
314 1074 382 1128 τῶν
408 1064 474 1128 ὑπὸ
502 1073 561 1129 τοῦ
586 1066 744 1151 Πρόκλου
771 1063 960 1148 λεγομένων
987 1063 1091 1130 όόόει·

84 1193 173 1254 κται,
201 1171 246 1247 ὡς
273 1170 314 1235 ού
342 1181 399 1255 τῆς
427 1172 537 1258 κύκλφ
565 1174 725 1255 κινήσεως
748 1170 854 1256 ἀρχὴν
877 1166 965 1236 εἷναί
986 1189 1091 1255 φησιν
1117 1197 1130 1240 ο

85 1276 103 1343 ὁ
134 1276 278 1341 Πλάτων
307 1277 344 1341 τὸ
376 1276 602 1359 αὐτοκίνητον.
647 1277 786 1359 οὐδεμία
818 1272 854 1341 δὲ
886 1287 954 1341 τῶν
983 1278 1092 1342 ἄλλων

84 1386 248 1468 κινήσεων
276 1382 384 1460 ἀίδιος
412 1378 497 1447 εἶναι
524 1384 613 1468 τταρά
638 1392 740 1448 κάσιν
769 1383 989 1467 ὡμολόγηται·
1030 1382 1092 1448 οὐκ

85 1490 148 1577 ἄρα
163 1493 332 1574 κινήσεως
355 1489 467 1555 ἀιδίου
491 1488 595 1574 ἀρχὴν
618 1484 706 1555 εἷναί
727 1507 831 1574 φησιν
854 1487 872 1554 ὁ
892 1490 1035 1554 Πλάτων
1053 1490 1090 1554 τὸ

85 1597 312 1681 αὐτοκίνητον.
358 1597 441 1663 ὥστε
471 1591 550 1662 οὐδὲ
584 1597 613 1660 εἰ
641 1605 681 1681 τῇ
711 1604 771 1660 τοῦ
800 1596 924 1672 παντὸς
953 1605 1043 1682 φυγῇ
1072 1594 1091 1661 ὁ

85 1713 152 1767 τῶν
183 1701 349 1788 ἡμετέρων
381 1711 498 1786 ψυχῶν
530 1700 708 1787 ἐφαρμόζοι
747 1701 898 1786 ὁρισμός,
934 1702 997 1785 ἤδη
1035 1702 1132 1769 διὰιο

84 1818 182 1875 τοῦτο
213 1808 338 1893 ἀνάγκη
370 1816 415 1896 τῷ
448 1806 611 1892 ἀγένητον
641 1805 696 1872 καὶ
728 1808 905 1893 ἄφθαρτον
933 1805 1091 1890 λέγεσθαι

84 1917 145 1999 τὴν
174 1915 286 1998 ψυχὴν
314 1915 403 1999 παρὰ
430 1923 490 1978 τοῦ
514 1914 695 1989 Πλάτωνος
721 1911 777 1977 καὶ
803 1913 864 1977 τὸν
891 1914 1092 1997 κινούμενον
1118 1896 1120 1900 ,

85 2019 139 2086 ίκί
163 2020 264 2103 αὐτῆς
286 2022 414 2104 κόσμον
437 2017 599 2103 ἀγένητον
621 2015 707 2084 εἶναι
730 2016 784 2084 καὶ
808 2020 993 2104 ἄφθαρτον.

149 2124 193 2209 η’.
219 2123 318 2190 Ἀλλὰ
347 2126 388 2209 δη
416 2123 479 2191 κάν
505 2126 612 2209 πάσης
639 2129 798 2210 κινήσεως
825 2123 879 2190 καὶ
908 2125 1008 2210 αὐτῆς
1033 2135 1092 2211 της

83 2233 167 2297 κατά
193 2234 298 2298 τόπον
325 2231 431 2316 ἀρχὴν
453 2227 539 2297 εἶναι
562 2238 678 2317 θῶμεν
699 2232 736 2297 τὸ
761 2231 990 2316 αὐτοκίνητον,
1013 2230 1086 2298 οὐδ’
1105 2259 1132 2300 ιι

88 2339 191 2416 οὕτως
219 2338 359 2422 οὐδεμία
387 2342 540 2422 φαίνεται
564 2338 690 2423 ἀνάγκη
714 2339 954 2424 ἄματηφυχη
977 2337 1091 2404 καὶτὸ

86 2445 287 2529 κινούμενον
318 2443 375 2509 ὑπ’
408 2444 508 2529 αὐτῆς
539 2441 624 2510 εἶναι
655 2456 755 2529 σῶμα
801 2444 906 2530 ἀρχὴν
936 2440 999 2528 μὲν
1029 2446 1092 2532 γάρ
1142 2477 1144 2481 ·

84 2546 191 2617 οὖσαν
218 2555 379 2635 κινήσεως
404 2553 466 2635 την
492 2553 603 2636 ψυχὴν
633 2551 794 2635 ἀγένητον
824 2547 913 2616 εἶναί
940 2568 1043 2635 φησιν
1074 2550 1092 2617 ὁ

88 2658 229 2724 Πλάτων
261 2655 337 2743 (τὴν
366 2658 429 2743 γάρ
460 2657 565 2743 ἀρχὴν
595 2653 680 2721 εἶναι
711 2654 886 2745 ἀγένητον)
916 2657 957 2723 οὐ
987 2661 1094 2735 καλῶς

79 2763 201 2848 λέγων,
226 2764 270 2840 ὡς
294 2767 406 2848 ἔμοιγε
429 2767 596 2848 φαίνεται·
620 2761 689 2827 ἐπεὶ
712 2761 767 2828 καὶ
791 2765 824 2829 αλ
847 2765 963 2847 ἄλογοι
987 2761 1090 2848 ψυχαὶ
1104 2788 1131 2830 νο

79 2867 225 2956 <ἀρχαὶ>
261 2879 319 2953 τῆς
354 2881 422 2934 τῶν
458 2868 590 2952 ἀλόγων
628 2869 787 2952 σωμάτων
818 2867 904 2935 εἰσὶν
935 2873 1094 2954 κινήσεως

80 2977 295 3060 αύτοκίνητοι
323 2973 378 3040 καὶ
406 2974 502 3040 αὐταὶ
530 2975 611 3039 κατά
639 2975 803 3039 Πλάτωνα
831 2971 928 3042 οὖσαι
954 2975 1009 3042 καί
1037 2977 1094 3041 διὰ

75 3092 182 3149 τοῦτο
218 3080 337 3165 ἑκάστη
374 3084 533 3166 κινήσεως
563 3076 647 3146 οὖσα
680 3080 778 3166 ἀρχή,
812 3079 883 3145 ἀλλ’
913 3081 1001 3166 ὅμως
1031 3082 1093 3148 ούκ

81 3187 252 3273 ἀγένητοι·
281 3187 336 3253 καὶ
363 3199 421 3273 της
449 3187 487 3253 ἐν
508 3196 554 3276 τῷ
578 3192 664 3275 λίθφ
687 3183 725 3252 δὲ
747 3189 828 3252 κατὰ
851 3189 957 3271 φύσιν
978 3187 1031 3254 ἐπὶ
1054 3190 1091 3254 τὸ

75 3297 170 3361 κάτω
194 3299 353 3380 κινήσεως
375 3295 395 3378 ἡ
420 3294 456 3359 ἐν
479 3294 568 3382 αὐτῷ
592 3295 693 3378 φύσις
717 3291 806 3359 ἐστὶν
827 3294 916 3358 αἰτία
933 3292 988 3359 καὶ
1007 3293 1089 3379 ἀρχὴ
1104 3320 1131 3363 ιο

70 3401 137 3467 καὶ
167 3402 188 3486 ἡ
219 3401 255 3466 ἐν
284 3409 330 3489 τῷ
361 3399 443 3486 ιτυρλ
472 3410 530 3484 τῆς
560 3399 612 3466 ἐπὶ
642 3401 679 3465 τὸ
710 3402 794 3484 ἄνω,
825 3398 880 3464 καὶ
910 3399 1020 3477 οὐδεὶς
1049 3398 1092 3465 ἄν

77 3509 191 3573 ολιτελν
222 3510 430 3592 τολμήσειεν,
463 3507 508 3584 ὡς
539 3506 560 3590 ἡ
591 3506 628 3573 ἐν
663 3516 734 3584 τοῖς
765 3515 912 3592 μερικοίς
942 3506 1092 3591 σώμασιν

77 3615 186 3696 φύσις
214 3611 303 3678 ἐστὶν
332 3612 498 3697 ἀγένητος.
543 3614 630 3696 πλην
656 3610 720 3676 κᾶν
750 3617 980 3697 συγχωρηθείη
1010 3615 1092 3679 κατὰ

82 3721 250 3784 Πλάτωνα
278 3718 437 3803 ἀγένητος
464 3715 549 3784 εἶναι
576 3718 597 3802 ἡ
626 3720 714 3802 ψυχὴ
738 3717 793 3783 καὶ
816 3718 899 3804 ἀρχὴ
921 3722 1094 3805 κινησεωςη

139 3949 179 3995 19.
198 3943 270 3995 Plat.
290 3944 409 4002 phaedr.
432 3949 517 4006 2460
532 3969 573 4025 sq.
654 3961 701 4014 21.
723 3957 819 4034 ἀρχαὶ
839 3955 914 4014 οὸὰ.
