2394 4208
85 577 126 632 vl
140 578 189 649 ιι]
353 577 402 632 ου
420 576 678 632 mmmm
696 576 818 632 υναοῑ
1027 576 1092 641 201

84 743 174 825 ἔχειν
204 738 488 824 ἀποφαινόμενος,
513 742 638 824 πόθεν,
667 741 738 806 εἰπέ
762 765 834 825 μοι,
861 741 922 824 την
947 738 1095 822 ἀνάγκην

83 856 147 912 τοῦ
172 849 279 930 λόγον
306 847 560 925 κατεσκεύασας;
590 850 669 912 ποία
691 848 754 934 γάρ
779 847 905 930 ἀνάγκη
927 855 995 911 πᾶν
1017 845 1095 931 ὁρα-

83 955 146 1019 τὸν
168 952 275 1030 εὐθὺς
296 948 384 1018 εἶναι
407 951 462 1018 καί
482 954 666 1033 σάνθετον;
695 953 716 1037 ἣ
739 955 871 1030 πάντως
893 955 954 1036 τὴν
976 958 1094 1035 αἰσθη-

85 1077 143 1125 σιν
172 1060 253 1143 ἡμῖν
280 1057 480 1144 πιστοτέραν
508 1053 616 1124 οὖσαν
646 1061 769 1137 παντὸς
801 1062 904 1143 λόγου
936 1059 1095 1145 παράγεις

83 1166 250 1250 μάρτυρα;
285 1163 357 1230 ἀλλ’
386 1165 436 1230 ὄτι
463 1162 525 1250 μὲν
551 1175 619 1230 πᾶν
647 1165 769 1250 ὁρατὸν
796 1168 964 1231 σύνθετόν
992 1164 1095 1249 ἐστιν,
1122 1193 1136 1234 5

83 1271 141 1338 καί
165 1270 260 1337 αὐτοὶ
283 1276 590 1356 συνομολογοῦμεν·
618 1270 689 1336 ἀλλ’
712 1272 789 1355 οὐκ,
812 1271 925 1355 ἐπειδὴ
949 1280 994 1358 τῷ
1017 1271 1095 1357 ὁρα-

84 1386 133 1466 τῷ
156 1379 194 1443 τὸ
218 1379 386 1443 σύνθετον
408 1377 534 1461 ἕπεται,
557 1381 605 1444 ἔτι
628 1375 666 1442 δὲ
689 1377 744 1442 καί
765 1388 834 1442 πᾶν
857 1379 978 1463 ὁρατὸν
999 1401 1095 1462 γενη-

85 1487 147 1550 τόν
170 1482 262 1549 ἐστιν
284 1485 367 1549 κατὰ
389 1485 562 1567 Πλάτωνα,
583 1485 646 1568 ἤδη
670 1485 727 1549 ιίιά
749 1493 848 1549 τοῦτο
872 1483 996 1567 ἀνάγκη
1021 1483 1095 1548 ἀντί

86 1600 148 1656 τοῦ
172 1589 341 1657 συνθέτου
364 1591 401 1655 τὸ
422 1592 562 1674 γενητὸν
579 1588 821 1676 παρειληφέναι
839 1590 899 1654 τὸν
918 1591 1095 1654 Πλάτωνα·

86 1696 159 1763 ἐπεὶ
181 1695 237 1762 καί
260 1699 297 1762 τὸ
321 1706 416 1783 τριχῇ
440 1698 619 1763 ὃιαστατὸν
640 1695 674 1774 ἐξ
697 1696 843 1780 ἀνάγκης
865 1695 963 1762 παντὶ
986 1695 1094 1784 ὁρατῷ
1109 1725 1136 1766 ιο

85 1802 142 1868 καί
171 1802 263 1890 ἁπτῷ
289 1802 462 1888 καὶσῶμα
485 1806 594 1888 ἔχοντι
618 1802 728 1868 ἕπεται
750 1802 805 1867 καί
827 1803 865 1868 τὸ
888 1804 1095 1886 πεπεράνθαι

85 1912 170 1975 κατὰ
183 1908 327 1994 μέγεθος
340 1908 395 1974 καί
409 1910 446 1974 τὸ
471 1909 709 1994 ἐσχηματίσθαι
722 1910 854 1986 πάντως
871 1908 892 1992 ἣ
911 1907 1095 1995 τεταγμένῳ

85 2016 107 2100 ἢ
136 2015 263 2103 ἀτάκτῳ
292 2019 431 2100 σχήματι
458 2015 514 2081 ιιαί
541 2016 578 2080 τὸ
607 2012 743 2100 συνεχὲς
769 2011 855 2080 εἶναι
883 2014 938 2080 καί
964 2015 1027 2080 οὐκ
1054 2016 1097 2080 άν

84 2147 138 2199 τις
169 2123 227 2187 διὰ
256 2131 355 2187 τοῦτο
385 2126 555 2206 νομίσειεν
583 2122 749 2187 Πλάτωνα
780 2123 817 2187 τὸ
850 2123 990 2205 γενητὸν
1022 2120 1096 2187 ἀντί

85 2230 216 2295 τούτων
243 2229 334 2305 τινὸς
360 2229 634 2312 μεταλαμβάνειν·
666 2231 716 2305 τίς
743 2229 805 2315 γάρ
834 2227 959 2312 ἀνάγκη
982 2230 1019 2293 τὸ
1043 2251 1095 2312 γε·
1110 2255 1137 2296 ιε

85 2336 191 2419 νητὸυ
216 2335 265 2411 εἰς
290 2334 329 2398 τὸ
358 2336 526 2400 σύνθετον
552 2335 816 2418 μεταλαμβάνειν
842 2339 969 2418 μᾶλλον
997 2334 1018 2417 ἢ
1048 2336 1096 2412 εἰς

86 2443 125 2506 τὸ
148 2439 399 2525 πεπερασμένον
417 2436 553 2525 συνεχὲς
569 2439 590 2524 ἦ
611 2438 930 2525 ἐσχηματισμένονῆ
950 2443 997 2518 εἰς
1015 2443 1095 2507 ἀλλο

86 2571 135 2629 τι,
162 2545 182 2611 ὃ
209 2545 308 2611 παντί
330 2548 456 2630 σώματι
479 2545 512 2624 ἐξ
535 2545 681 2630 ἀνάγκης
702 2546 856 2632 ὑπάρχεις
889 2546 1010 2631 ὁμοίως
1033 2549 1096 2633 γάρ

87 2661 136 2740 τῷ
164 2654 314 2739 αἰσθητῷ
342 2655 380 2717 τό
406 2676 442 2717 τε
471 2655 638 2719 σύνθετον
665 2652 775 2718 ἕπεται
803 2652 858 2718 καί
881 2664 948 2718 τῶν
970 2658 1097 2718 λοιπῶν

86 2759 235 2826 ἕκαστον.
282 2760 333 2826 ὅτι
360 2756 398 2825 δὲ
424 2759 479 2825 καί
509 2759 676 2824 ἀδύνατον
703 2761 748 2836 ὡς
771 2762 938 2825 σύνθετον
957 2759 962 2847 Ι
982 2783 1034 2843 γε·
1053 2776 1092 2816 101
1101 2779 1150 2818 ειν.

88 2867 193 2950 νητὸν
214 2862 302 2932 εἶναι
324 2867 384 2931 τὸν
406 2869 533 2950 κόσμον
554 2865 621 2931 ὑπὸ
645 2866 827 2943 Πλάτωνος
849 2865 1022 2950 λέγεσθαι,
1044 2891 1096 2950 μι-
1111 2893 1136 2932 τι

87 2981 159 3061 κρῷ
186 2976 337 3059 πρόσθεν
365 2970 543 3057 ἐδείξαμεν.
588 2981 648 3037 τοῦ
677 2968 714 3037 δὲ
741 2979 787 3060 τῷ
810 2971 920 3059 ὁρατῷ
942 2971 962 3056 ἦ
985 2972 1097 3051 ἁπλῶς

88 3081 240 3167 αἰσθητῷ
271 3081 316 3164 μὴ
347 3082 454 3164 μόνον
484 3080 522 3144 τὸ
551 3079 719 3144 σύνθετον
749 3078 833 3143 ἀλλά
864 3078 918 3144 καί
948 3080 985 3143 τὸ
1015 3081 1098 3145 κατά

88 3189 214 3273 χρόνον
241 3186 381 3269 γενητὸν
407 3186 539 3263 πάντως
565 3184 706 3250 ἕπεσθαι
732 3182 788 3250 καί
815 3185 909 3269 ἡμεῖς
931 3209 1041 3270 φαμεν
1063 3184 1096 3264 ἐξ

90 3293 192 3377 αὐτῆς
205 3301 263 3376 τῆς
278 3291 449 3376 ἐναργείας
462 3293 524 3376 την
536 3296 649 3357 πίστιν
663 3289 834 3375 εἰληφέναι
849 3293 909 3356 τὸν
920 3292 1097 3357 Πλάτωνα·
1111 3316 1138 3359 ιε

88 3398 125 3464 ἐκ
154 3400 216 3484 γάρ
243 3410 311 3464 τῶν
337 3399 507 3484 τεσσάρων
534 3401 707 3482 στοιχείων
733 3399 862 3462 ἅπαντα
888 3398 948 3463 τὸν
970 3399 1098 3482 κόσμον

87 3506 289 3572 συνεστάναι
325 3506 511 3592 διαρρήδην
547 3504 565 3569 ὁ
604 3506 746 3569 Πλάτων
783 3503 1002 3587 ἀποφαίνεται
1041 3503 1098 3568 καί

88 3614 197 3700 τούτῷ
228 3611 284 3677 καί
316 3611 417 3689 αὐτὸς
448 3611 466 3677 ὁ
501 3612 700 3696 Πορφάριος
730 3614 1021 3694 συγκατατίθεται,
1053 3611 1098 3688 ὡς

164 3810 187 3857 1.
207 3803 290 3875 ἔχειν]
311 3822 381 3873 εχωυ
399 3804 428 3857 Μ
517 3808 558 3858 22.
576 3819 641 3876 pag.
659 3808 720 3873 155,
735 3808 750 3859 ὃ
766 3821 808 3877 sq.
905 3804 998 3880 τχιοιΧ,
1013 3818 1054 3856 οι
1069 3821 1121 3868 ου,

89 3874 120 3928 Η
201 3880 241 3927 25.
262 3891 402 3943 ενεργειαι·
420 3874 455 3929 Μ
540 3881 581 3932 27.
607 3875 683 3936 Plat.
703 3877 780 3938 Tim.
798 3878 865 3937 820
955 3883 1007 3933 Ἃ.
1023 3871 1143 3945 τουιιρΧ

76 3959 158 3993 τουτο
177 3940 213 3990 Μ
