2394 4208
10 39 832 342 -
896 123 919 171 ο.

55 588 98 642 lv
114 589 139 658 7]
330 587 378 642 DE
397 588 657 644 AETERNITATE
676 587 797 643 MVNDI
1028 589 1071 654 69

56 761 179 834 ποιεῖν,
202 760 292 815 πᾶσα
315 747 351 816 δὲ
375 751 552 829 ἀλλοίωσις
569 750 625 816 καὶ
644 751 728 828 ὅλως
746 753 878 835 κίνησις
896 749 934 816 ἐν
952 753 1071 840 χρόνῳ,

58 857 122 923 οὐκ
144 859 209 943 άρα
233 856 454 924 ἀλλοιοῦσθαι
476 859 537 922 τὸν
560 858 767 944 δημιουργὸν
790 856 916 941 ἀνάγκη
941 856 992 922 ἀεὶ
1010 854 1073 942 μὲν

57 967 188 1028 τελείαν
210 965 272 1047 τήν
294 973 354 1030 τοῦ
378 965 597 1051 δημιουργεῖν
623 961 693 1041 ἕξιν
720 967 852 1050 ἔχοντα,
880 964 942 1029 οὐκ
966 962 998 1042 ἐξ
1022 964 1072 1029 άι-

56 1072 135 1136 δίου
155 1067 193 1137 δέ
211 1073 271 1136 τὸν
289 1073 417 1155 κόσμον
433 1070 651 1159 παράγοντα),
673 1070 776 1138 οὐδὲν
794 1069 832 1136 δέ
852 1078 930 1149 ῖσως
948 1082 1072 1156 χεῖρον,

57 1177 139 1263 ὅπερ
164 1177 202 1242 ἐν
224 1177 307 1264 ἀρχή
331 1187 391 1243 τοῦ
417 1177 638 1263 προκειμένου
662 1181 766 1262 λόγου
795 1178 1072 1263 ἐπηγγειλάμεθα,
1100 1205 1112 1245 ι

57 1282 140 1348 αὐτὸ
165 1284 206 1367 δή
225 1293 324 1349 τοῦτο
343 1283 398 1349 καὶ
419 1286 479 1350 τὸν
492 1283 701 1372 Ἀριστοτέλη
721 1284 759 1349 ἐν
776 1293 822 1372 τῷ
842 1283 985 1372 δευτέρῳ
1005 1294 1072 1348 τῶν

56 1388 133 1476 περὶ
161 1401 269 1475 ψυχῆς
297 1389 402 1468 δεῖξαι
430 1392 667 1477 διοριζόμενον.
712 1389 768 1456 καὶ
797 1393 919 1475 μικρόν
946 1413 983 1474 γε
1011 1391 1073 1473 τήν

58 1494 189 1562 ἐκείνου
213 1495 304 1574 λέξιν
326 1499 462 1562 ἀνωθεν
488 1500 740 1582 παραθήσομαι,
768 1498 824 1562 ἵνα
850 1495 904 1561 καὶ
927 1498 989 1580 τήν
1010 1505 1071 1562 τοῦ

57 1602 200 1686 δυνάμει
222 1601 278 1667 καὶ
307 1601 456 1689 ἐνεργείᾳ
479 1603 659 1686 διαίρεσιν,
686 1602 730 1685 ήυ
757 1602 850 1685 ἡμεῖς
878 1602 915 1667 ἐν
937 1611 983 1689 τῷ
1006 1605 1070 1687 πρὸ

55 1709 180 1773 τούτου
208 1711 296 1796 λόγῳ
326 1706 523 1793 ἐξεθέμεθα,
551 1707 606 1774 καὶ
634 1706 677 1773 δι’
702 1707 813 1773 αὐτῶν
839 1718 907 1772 τῶν
925 1706 1071 1792 Ἀριστο-
1086 1737 1112 1776 ω

59 1813 177 1891 τέλους
195 1813 317 1892 λέξεων
334 1825 405 1892 τοῖς
423 1815 573 1902 ἀπείροις
590 1818 865 1902 παραστήσωμεν·
884 1811 972 1898 λέγει
988 1823 1073 1896 γοῦν

60 1917 99 1983 ἐν
130 1927 176 2007 τῷ
208 1918 352 2009 δευτέρω
385 1931 452 1986 τῶν
483 1920 559 2005 περὶ
590 1932 697 2006 ψυχῆς
732 1919 785 1986 ἐπὶ
821 1918 939 1997 λέξεως
970 1929 1073 1985 ταῦτα

59 2025 259 2112 (διαιρετέον
277 2024 315 2092 δέ
334 2025 484 2115 καὶπερὶ
503 2027 675 2111 δυνάμεως
697 2026 752 2093 καὶ
774 2025 984 2112 ἐντελεχείας·
1009 2036 1074 2092 νῦν

57 2135 123 2218 γὰρ
142 2132 254 2211 ἁπλῶς
272 2131 413 2218 λέγομεν
430 2132 506 2220 περὶ
530 2133 649 2200 αὐτῶν.
695 2137 787 2199 ἐστιν
804 2130 866 2218 μὲν
884 2135 947 2220 γάρ
967 2133 1073 2211 οὕτως

56 2239 241 2324 έπιστήμόν
262 2262 305 2325 τι,
332 2241 378 2318 ὡς
400 2239 443 2305 ἀν
465 2246 615 2325 εἴποιμεν
637 2243 834 2327 ἄνθρωπον,
855 2242 860 2324 Ι
881 2240 932 2305 ὅτι
955 2242 1011 2305 άυ-
1026 2257 1125 2299 τοῖαι.

57 2352 197 2431 θρωπος
233 2356 301 2410 τῶν
336 2345 567 2431 ἐπιστημόνων
602 2346 657 2412 καὶ
694 2346 840 2432 ἐχόντων
876 2346 1071 2432 ἐπιστήμην·
1086 2375 1112 2414 ιι

58 2455 153 2519 ἐστιν
181 2448 219 2517 δέ
242 2453 286 2531 ὡς
313 2454 376 2538 ήδη
400 2452 541 2537 λέγομεν
564 2452 767 2538 ἐπιστήμονα
789 2455 849 2518 τὸν
872 2457 989 2539 ἔχοντα
1012 2455 1074 2537 τήν

59 2563 298 2645 γραμματικήν.
344 2557 498 2647 ἑκάτερος
520 2557 558 2626 δέ
580 2562 709 2625 τούτων
732 2560 773 2626 οὐ
796 2561 857 2624 τὸν
878 2561 981 2625 αὐτὸν
999 2561 1074 2643 τρό-

58 2689 128 2732 πον
151 2667 294 2743 δυνατός
317 2665 422 2750 ἐστιν,
451 2664 521 2731 ἀλλ’
544 2666 563 2733 6
590 2663 652 2750 μέν
679 2666 731 2732 ὅτι
756 2668 793 2731 τὸ
818 2665 914 2750 γένος
940 2674 1074 2731 τοιοῦτο

59 2771 117 2837 καὶ
139 2772 160 2856 ἡ
183 2772 262 2855 ὕλη,
290 2772 308 2838 6
333 2770 370 2838 δὲ
394 2771 444 2836 ὄτι
467 2770 649 2854 βουληθείς
675 2772 817 2850 δυνατὸς
844 2779 1003 2859 θεωρεῖν,
1031 2771 1113 2838 δνιο

59 2882 105 2963 μή
128 2901 159 2942 τι
183 2878 295 2964 κωλύη
318 2889 385 2943 τῶν
410 2876 548 2956 ἔξωθεν·
577 2877 595 2943 6
623 2875 662 2943 δὲ
688 2879 751 2963 ήδη
780 2885 921 2964 θεωρῶν
949 2877 1073 2944 ἐντελε-

61 2987 134 3070 χείᾳ
156 2983 205 3048 ὢν
227 2982 283 3048 καὶ
310 2987 433 3071 κυρίως
457 2982 672 3068 ἐπιστάμενος
699 2984 776 3049 τόδε
804 2986 841 3049 τὸ
870 2987 968 3071 ἀλφα.
1014 2985 1073 3071 ἀμ·

60 3093 200 3173 φότεροι
224 3085 286 3174 μέν
309 3085 371 3155 οὖν
389 3091 422 3155 ολ
440 3101 564 3178 πρῶτοι
583 3093 665 3156 κατὰ
684 3091 829 3175 δύναμιν
848 3090 1073 3178 ἐπιστήμονες,

58 3195 131 3262 ἀλλ’
155 3196 174 3262 6
198 3192 260 3280 μὲν
282 3197 339 3261 διά
360 3199 538 3281 μαθήσεως
561 3196 760 3274 άλλοιωθελς
782 3196 837 3262 καὶ
859 3200 1018 3275 πολλάκις
1040 3196 1072 3275 έξ

58 3303 214 3380 ἐναντίας
243 3303 457 3386 μεταβάλλων
484 3300 594 3385 ἕξεως,
625 3303 643 3369 6
674 3300 712 3368 δέ
742 3302 778 3368 ἐκ
807 3313 867 3369 τοῦ
898 3308 986 3390 ἐχειν
1013 3305 1113 3387 τήνω

58 3416 223 3494 αἴσθησιν
245 3408 266 3492 ή
293 3411 355 3493 τήν
381 3413 624 3494 γραμματικήν,
651 3412 695 3494 μή
725 3410 873 3495 ένεργεῖν
901 3408 938 3476 δὲ
966 3412 1013 3487 είς
1036 3412 1073 3475 τὸ

135 3608 159 3657 2.
180 3602 377 3734 [δηῙμιουρρον
395 3601 425 3654 Μ
498 3607 521 3657 5.
541 3618 605 3672 pag.
620 3607 663 3670 61,
680 3609 712 3656 15
785 3608 809 3658 6.
828 3607 866 3676 τῷ
884 3603 931 3726 pt}
947 3621 978 3656 το
996 3602 1026 3656 Μ

60 3679 87 3727 8.
107 3674 327 3745 παραθησομήαῖ
353 3671 381 3725 Μ
441 3678 524 3728 610.
543 3679 696 3742 pag.46‚3
752 3679 793 3728 13.
812 3673 897 3728 Arist.
932 3678 1073 3729 ean.135

59 3763 89 3815 p.
103 3749 182 3799 41⁷⁸
195 3750 228 3798 21
309 3745 448 3811 διερετεον
466 3743 496 3797 Μ
583 3748 623 3797 16.
644 3743 769 3814 εἴποιμεν
788 3744 832 3801 vel
851 3744 972 3816 εἴπωμεν
994 3744 1084 3801 ἀήτω.

135 3815 291 3883 ἄνθρωπον
310 3813 480 3882 ἐπιστήμονα
497 3811 539 3868 ὅτι
554 3813 667 3872 δΑτίεῖ.
744 3824 789 3877 21.
808 3820 924 3898 κωλύσῃ
940 3818 1032 3877 Ᾱῇεῖ.
1046 3817 1099 3890 Καὶ.

41 3890 298 4020 mm
319 3886 570 4030 ωικιαιιι
584 3889 623 4035 zi
636 3892 893 4050 ἀλκαῖς.
915 3902 1129 4050 ,λάθα
