2394 4208
64 524 214 598 1x14.15]
329 525 378 581 1)ss
397 524 654 582 ΑΕΤΕΒΝΙΤΑΤΕ
672 526 792 583 MVNDI
1005 528 1070 593 371

65 686 170 772 φησὶν
200 688 217 754 δ
248 689 370 754 τούτου
401 692 564 775 μαθητής·
605 690 682 755 ούτε
714 684 777 756 οὖν
808 691 989 777 ἄνθρωπον
1021 693 1073 758 δεῑ

64 794 175 879 λέγειν
193 794 367 878 γεγονέναι
384 795 406 879 ῆ
425 800 591 880 γίνεσθαι,
611 796 671 882 οὐχ
694 797 807 880 ἵππον,
830 797 892 863 οὐκ
915 797 1072 883 ἄμπελον,

64 901 106 966 οὐ
134 911 250 986 συκῆν,
278 901 340 967 οὐκ
367 903 448 968 ἄλλο
477 901 590 968 οὐδέν·
627 901 766 969 ἕκαστον
788 905 851 990 γὰρ
874 915 942 968 τῶν
965 885 1081 970 όντων

64 1008 105 1073 ού
132 1011 214 1074 κατὰ
240 1010 302 1093 τὴν
328 1009 414 1093 ὕλην
441 1011 559 1094 κοινὴν
586 1004 692 1076 οὖσαν
718 1011 852 1076 πάντων
880 1010 963 1075 ἀλλὰ
990 1013 1073 1076 κατὰ

63 1117 100 1181 τὸ
129 1111 218 1193 εἶδος
245 1118 337 1180 ἔστιν
363 1114 476 1181 τεκαὶ
499 1115 705 1200 ὀνομάζεται·
738 1118 766 1181 εί
791 1111 854 1181 οὖν
876 1119 919 1201 μὴ
944 1121 1070 1200 γίνεται
1098 1143 1111 1184 ι
1160 1140 1168 1155 ·

63 1224 103 1286 τὰ
133 1223 221 1306 είδη,
251 1223 292 1287 οὐ
322 1223 374 1288 δεῖ
403 1220 513 1305 λέγειν
546 1221 607 1287 οὐκ
639 1222 823 1308 ἀνθρώπου
855 1221 997 1307 γένεσιν,
1030 1224 1072 1289 ού

64 1337 183 1414 συκῆς,
213 1329 275 1394 ούκ
305 1331 408 1395 ὕλλου
439 1329 589 1406 οὐδενός·
633 1329 674 1395 ού
702 1331 764 1415 γὰρ
793 1334 849 1414 τῆς
876 1330 958 1413 ὕλης
981 1329 1072 1396 ἐστίν

63 1444 166 1500 ταῦτα
202 1437 367 1520 δηλωτικὰ
403 1436 549 1520 ὀνόματα
589 1446 704 1520 κοινῆς
744 1437 846 1520 οὔσης
887 1435 970 1501 ἀλλὰ
1009 1447 1071 1502 τοῦ

64 1544 190 1626 εἴδους,
217 1541 294 1609 καθ’
318 1543 336 1608 δ
360 1543 589 1608 ἕκαστοντῶν
612 1545 723 1607 ἄλλων
748 1543 949 1628 διενήνοχεν.
995 1542 1066 1608 ἀλλ’

63 1645 154 1733 οἶμαι
177 1658 280 1714 ταῦτα
303 1647 445 1733 γέλωτος
468 1645 553 1715 εἶναι
576 1653 704 1734 μᾶλλον
725 1648 746 1732 ῆ
770 1648 960 1732 ἀντιλογίας
983 1647 1070 1727 ἄξια·
1085 1675 1111 1714 ιο

63 1756 177 1842 δρᾶται
201 1758 264 1842 γὰρ
288 1755 325 1821 ἐν
347 1766 386 1843 τῆ
410 1767 477 1820 τῶν
498 1756 700 1843 πραγμάτων
719 1755 845 1839 γενέσει
863 1757 945 1820 κατα
962 1759 1071 1842 βραχὺ

61 1863 99 1927 τὸ
123 1859 213 1939 εἶδος
235 1862 431 1948 ἀναλάμπον
454 1861 509 1928 καλ
532 1866 641 1951 χρόνῳ
665 1861 717 1928 ἐπὶ
737 1863 774 1927 τὸ
793 1862 921 1927 τέλειον
939 1864 1070 1946 προιόν,

63 1970 108 2047 ὡς
132 1970 217 2034 ἰδεῖν
240 1972 369 2035 ἔνεστιν
392 1969 449 2035 ἐπί
468 1993 503 2034 τε
526 1981 594 2034 τῶν
615 1968 681 2034 ὑπὸ
704 1967 820 2053 τέχνης
843 1967 1070 2033 ἁπάντωνκαὶ

63 2075 116 2141 ἕπλ
140 2086 208 2140 τῶν
229 2077 294 2141 ὑπὸ
319 2074 461 2162 φύῗσεως
484 2073 680 2159 γινομένων,
703 2076 748 2152 ὡς
770 2073 825 2138 καλ
849 2072 902 2139 ἐπὶ
925 2084 993 2138 τῶν
1008 2090 1122 2132 τοι-ιων.

63 2183 336 2268 ζωοποιουμένων
364 2182 518 2269 ἐμβρύων
540 2180 594 2247 καλ
618 2181 669 2247 ἀεὶ
692 2180 746 2247 ἐπὶ
769 2182 805 2245 τὸ
829 2180 957 2245 τέλειον
980 2176 1071 2259 εἶδος
1083 2207 1109 2250 ιι

62 2299 119 2373 τῆς
143 2293 224 2372 ζωῆς
246 2291 433 2375 προϊόντων
456 2287 641 2373 ἐδείξαμεν.1

129 2394 184 2461 εί.
217 2397 260 2460 El
291 2394 336 2478 δ’,
367 2395 418 2460 ὄτι
447 2395 467 2478 ἡ
497 2404 557 2460 τοῦ
588 2395 701 2472 εἴδους
729 2396 894 2477 τελειότης
921 2393 1070 2478 ἀχρόνως

61 2503 255 2586 ὑφίσταται,
279 2502 335 2565 διὰ
357 2511 456 2565 τοῦτο
481 2502 557 2566 οὔτε
578 2505 734 2585 γίνεσθαι
753 2502 920 2585 φήσουσιν
938 2501 978 2565 τδι
997 2501 1068 2584 εἴδη

61 2610 137 2674 οὕτε
161 2608 198 2674 ἐν
220 2610 328 2696 χρόνῳ
353 2617 474 2692 φοιτᾶν
497 2606 550 2672 ἐπὶ
573 2609 613 2672 τὰ
634 2607 851 2692 ὑποκείμενα,
879 2606 1069 2693 ἀναιρείτω-

61 2733 124 2780 σαν
146 2714 202 2781 καλ
224 2717 286 2798 τὴν
308 2725 366 2799 τῆς
387 2714 469 2798 ὕλης
492 2712 624 2798 γένεσιν
646 2712 701 2778 καλ
724 2723 834 2779 πᾶσαν
856 2712 996 2796 γένεσιν.
1038 2714 1067 2778 εί
1082 2739 1109 2779 ιο

61 2823 123 2908 γὰρ
157 2823 189 2887 ολ
221 2826 314 2886 λίθοι
346 2820 401 2886 καλ
433 2822 473 2885 τὰ
502 2819 583 2898 ξύλα
614 2821 655 2885 οὐ
683 2823 847 2907 πρότερον
877 2830 934 2904 τῆς
962 2822 1068 2897 οἰκίας

61 2927 147 2993 εἰσὶν
174 2929 253 3011 ὕλη,
281 2928 325 3004 ὡς
353 2927 390 2993 ἐν
418 2918 468 3004 οἷς
496 2926 711 3012 παρεθέμεθα
733 2925 838 3011 φησὶν
862 2926 879 2991 ὁ
904 2929 1067 3012 Πρόκλος,

59 3034 140 3120 πρὶν
176 3032 342 3112 ξεσθῶσιν
377 3033 432 3098 καὶ
469 3033 705 3119 ἁρμοσθῶσιν,
742 3031 814 3098 ἀλλ’
849 3033 929 3097 ὅταν
965 3042 1068 3098 ταῦτα

59 3142 304 3226 προσλάβωσιν,
336 3143 408 3206 τότε
440 3141 484 3218 ὡς
516 3140 650 3224 ἀληθῶς
680 3140 744 3223 ὕλη
774 3142 962 3223 γεγόνασιν,
994 3143 1067 3205 τότε

60 3245 96 3313 δὲ
119 3247 174 3312 καὶ
197 3249 234 3312 τὸ
258 3244 347 3324 εἶδος
369 3246 517 3333 ἀχρόνως
539 3248 601 3331 ῆδη
625 3246 794 3332 πάρεστιν,
813 3245 875 3310 οὐκ
893 3247 967 3332 ἄρα,
985 3245 1067 3331 πρὶν
1080 3270 1106 3312 ιι

58 3355 95 3419 τὸ
120 3350 209 3431 εἶδος
230 3353 467 3440 παραγένηται,
489 3358 612 3439 κυρίως
635 3353 771 3438 εὐεργὸς
792 3353 856 3435 ὕλη
880 3362 937 3436 τῆς
960 3353 1066 3430 οἰκίας

60 3460 145 3526 εἰσὶν
169 3463 201 3525 ολ
224 3464 317 3525 λίθοι
341 3459 396 3525 καλ
419 3461 459 3524 τὰ
482 3457 571 3537 ξύλα.
617 3461 700 3525 ὥστε
723 3457 777 3523 καλ
800 3460 838 3523 τὸ
861 3463 983 3542 κυρίως
1001 3459 1065 3542 ὕλη

59 3563 144 3632 εἶναι
174 3567 321 3652 ἆχρόνως
349 3567 462 3643 αὐτοῖς
488 3570 719 3650 παραγίνεται,
748 3565 801 3630 ὅτε
824 3562 878 3628 καλ
902 3566 938 3629 τὸ
963 3561 1065 3642 εἶδος·

130 3837 154 3885 6.
173 3834 244 3901 λεγει
263 3831 292 3883 Μ
311 3835 356 3899 (or.
374 3833 418 3901 pt)
507 3847 613 3902 γενεσις
629 3830 661 3885 Μ
750 3836 798 3885 n.
817 3828 979 3898 ὕραταιῦλ

55 3908 94 3954 16,
111 3918 176 3968 pag.
192 3907 251 3968 369,
267 3907 304 3954 10
394 3908 435 3958 22.
455 3920 523 3976 pag.
539 3909 605 3978 369,
618 3909 655 3961 λδ

888 3988 947 4044 Ἃ“
