<?xml version="1.0" encoding="UTF-8"?>
<!DOCTYPE html PUBLIC "-//W3C//DTD XHTML 1.0 Transitional//EN"
    "http://www.w3.org/TR/xhtml1/DTD/xhtml1-transitional.dtd">
<html xmlns="http://www.w3.org/1999/xhtml" xml:lang="en" lang="en">
 <head>
  <title>
</title>
<meta http-equiv="Content-Type" content="text/html;charset=utf-8" />
  <meta name='ocr-system' content='tesseract 3.04.00' />
  <meta name='ocr-capabilities' content='ocr_page ocr_carea ocr_par ocr_line ocrx_word'/>
</head>
<body>
  <div class='ocr_page' id='page_1' title='image "./ioannesphilopon00philgoog_0398.png"; bbox 0 0 2394 4208; ppageno 0'>
   <div class='ocr_carea' id='block_1_1' title="bbox 55 543 1192 624">
    <p class='ocr_par' dir='ltr' id='par_1_1' title="bbox 55 543 1192 624">
     <span class='ocr_line' id='line_1_1' title="bbox 55 543 1192 624; baseline 0 -26"><span class='ocrx_word' id='word_1_1' title='bbox 55 544 82 598; x_wconf 88' lang='lat' dir='ltr'>X</span> <span class='ocrx_word' id='word_1_2' title='bbox 98 544 126 616; x_wconf 87' lang='lat'><strong><em>1]</em></strong></span> <span class='ocrx_word' id='word_1_3' title='bbox 324 544 374 599; x_wconf 81' lang='lat' dir='ltr'><strong><em>DE</em></strong></span> <span class='ocrx_word' id='word_1_4' title='bbox 392 543 650 599; x_wconf 78' lang='lat' dir='ltr'>AETERNI&#39;I&#39;A&#39;I&#39;E</span> <span class='ocrx_word' id='word_1_5' title='bbox 667 543 789 600; x_wconf 70' lang='lat' dir='ltr'><strong><em>mm</em></strong></span> <span class='ocrx_word' id='word_1_6' title='bbox 1001 543 1066 609; x_wconf 82' lang='lat'><strong><em>383</em></strong></span> <span class='ocrx_word' id='word_1_7' title='bbox 1191 621 1192 624; x_wconf 7' lang='grc' dir='ltr'><strong>Ἰ</strong></span> 
     </span>
    </p>
   </div>
   <div class='ocr_carea' id='block_1_2' title="bbox 56 701 1108 1965">
    <p class='ocr_par' dir='ltr' id='par_1_2' title="bbox 56 701 1068 1006">
     <span class='ocr_line' id='line_1_2' title="bbox 56 701 1066 795; baseline 0 -23"><span class='ocrx_word' id='word_1_8' title='bbox 56 712 147 795; x_wconf 88' lang='grc' dir='ltr'><strong><em>τόπῳ</em></strong></span> <span class='ocrx_word' id='word_1_9' title='bbox 176 717 243 772; x_wconf 82' lang='grc' dir='ltr'><strong><em>τῶν</em></strong></span> <span class='ocrx_word' id='word_1_10' title='bbox 270 711 443 792; x_wconf 82' lang='grc' dir='ltr'><strong><em>στοιχείων</em></strong></span> <span class='ocrx_word' id='word_1_11' title='bbox 470 706 676 792; x_wconf 75' lang='grc' dir='ltr'><strong><em>ἀμετάβλητα</em></strong></span> <span class='ocrx_word' id='word_1_12' title='bbox 703 703 797 772; x_wconf 82' lang='grc' dir='ltr'><strong><em>εἶναι.</em></strong></span> <span class='ocrx_word' id='word_1_13' title='bbox 844 706 880 772; x_wconf 81' lang='grc' dir='ltr'><strong><em>ἐν</em></strong></span> <span class='ocrx_word' id='word_1_14' title='bbox 903 701 945 795; x_wconf 79' lang='grc' dir='ltr'><strong><em>β,</em></strong></span> <span class='ocrx_word' id='word_1_15' title='bbox 973 707 1066 773; x_wconf 86' lang='grc' dir='ltr'><strong><em>ὅτιὸ</em></strong></span> 
     </span>
     <span class='ocr_line' id='line_1_3' title="bbox 56 809 1068 900; baseline 0 -22"><span class='ocrx_word' id='word_1_16' title='bbox 56 823 119 879; x_wconf 87' lang='grc' dir='ltr'><strong><em>τοῦ</em></strong></span> <span class='ocrx_word' id='word_1_17' title='bbox 149 814 231 879; x_wconf 98' lang='grc' dir='ltr'><strong><em>ὅλου</em></strong></span> <span class='ocrx_word' id='word_1_18' title='bbox 261 815 343 879; x_wconf 86' lang='grc' dir='ltr'><strong><em>κατὰ</em></strong></span> <span class='ocrx_word' id='word_1_19' title='bbox 371 814 478 898; x_wconf 85' lang='grc' dir='ltr'><strong><em>φύσιν</em></strong></span> <span class='ocrx_word' id='word_1_20' title='bbox 506 816 607 892; x_wconf 87' lang='grc' dir='ltr'><strong><em>τόπος</em></strong></span> <span class='ocrx_word' id='word_1_21' title='bbox 636 809 734 891; x_wconf 85' lang='grc' dir='ltr'><strong><em>οὗτος</em></strong></span> <span class='ocrx_word' id='word_1_22' title='bbox 766 812 821 880; x_wconf 81' lang='grc' dir='ltr'><strong><em>καί</em></strong></span> <span class='ocrx_word' id='word_1_23' title='bbox 851 823 913 880; x_wconf 87' lang='grc' dir='ltr'><strong><em>τοῦ</em></strong></span> <span class='ocrx_word' id='word_1_24' title='bbox 944 814 1068 900; x_wconf 83' lang='grc' dir='ltr'><em>μέρους</em></span> 
     </span>
     <span class='ocr_line' id='line_1_4' title="bbox 58 920 390 1006; baseline -0.003 -20"><span class='ocrx_word' id='word_1_25' title='bbox 58 920 150 986; x_wconf 83' lang='grc' dir='ltr'><strong><em>ἐστίν</em></strong></span> <span class='ocrx_word' id='word_1_26' title='bbox 172 922 254 985; x_wconf 80' lang='grc' dir='ltr'><strong><em>κατά</em></strong></span> <span class='ocrx_word' id='word_1_27' title='bbox 276 922 390 1006; x_wconf 81' lang='grc' dir='ltr'><strong><em>φύσιν.</em></strong></span> 
     </span>
    </p>

    <p class='ocr_par' dir='ltr' id='par_1_3' title="bbox 57 1025 1108 1324">
     <span class='ocr_line' id='line_1_5' title="bbox 124 1025 1067 1117; baseline 0.003 -26"><span class='ocrx_word' id='word_1_28' title='bbox 124 1025 168 1110; x_wconf 89' lang='grc' dir='ltr'><strong><em>γ’.</em></strong></span> <span class='ocrx_word' id='word_1_29' title='bbox 192 1025 263 1091; x_wconf 83' lang='grc' dir='ltr'><strong><em>Ὅτι</em></strong></span> <span class='ocrx_word' id='word_1_30' title='bbox 292 1027 328 1093; x_wconf 80' lang='grc' dir='ltr'><strong><em>ἐν</em></strong></span> <span class='ocrx_word' id='word_1_31' title='bbox 354 1033 401 1116; x_wconf 76' lang='grc' dir='ltr'><strong><em>τῷ</em></strong></span> <span class='ocrx_word' id='word_1_32' title='bbox 431 1029 542 1115; x_wconf 86' lang='grc' dir='ltr'><strong><em>οίκείῳ</em></strong></span> <span class='ocrx_word' id='word_1_33' title='bbox 571 1026 627 1093; x_wconf 81' lang='grc' dir='ltr'><strong><em>καὶ</em></strong></span> <span class='ocrx_word' id='word_1_34' title='bbox 654 1030 737 1093; x_wconf 84' lang='grc' dir='ltr'><strong><em>κατά</em></strong></span> <span class='ocrx_word' id='word_1_35' title='bbox 764 1030 869 1112; x_wconf 85' lang='grc' dir='ltr'><strong><em>φύσιν</em></strong></span> <span class='ocrx_word' id='word_1_36' title='bbox 896 1032 985 1117; x_wconf 92' lang='grc' dir='ltr'><strong><em>τόπῳ</em></strong></span> <span class='ocrx_word' id='word_1_37' title='bbox 1012 1029 1067 1113; x_wconf 86' lang='grc' dir='ltr'><strong><em>με’-</em></strong></span> 
     </span>
     <span class='ocr_line' id='line_1_6' title="bbox 58 1130 1108 1219; baseline 0.005 -20"><span class='ocrx_word' id='word_1_38' title='bbox 58 1158 162 1200; x_wconf 91' lang='grc' dir='ltr'><strong><em>νοντα</em></strong></span> <span class='ocrx_word' id='word_1_39' title='bbox 191 1135 232 1199; x_wconf 81' lang='grc' dir='ltr'><strong><em>τά</em></strong></span> <span class='ocrx_word' id='word_1_40' title='bbox 259 1144 407 1219; x_wconf 74' lang='grc' dir='ltr'><strong><em>στοιχεῖα</em></strong></span> <span class='ocrx_word' id='word_1_41' title='bbox 435 1135 517 1198; x_wconf 80' lang='grc' dir='ltr'><strong><em>κατά</em></strong></span> <span class='ocrx_word' id='word_1_42' title='bbox 546 1144 613 1199; x_wconf 86' lang='grc' dir='ltr'><strong><em>πᾶν</em></strong></span> <span class='ocrx_word' id='word_1_43' title='bbox 643 1130 732 1212; x_wconf 84' lang='grc' dir='ltr'><strong><em>είόος</em></strong></span> <span class='ocrx_word' id='word_1_44' title='bbox 761 1136 944 1218; x_wconf 73' lang='grc' dir='ltr'><strong><em>μεταβολῆς</em></strong></span> <span class='ocrx_word' id='word_1_45' title='bbox 971 1158 1067 1218; x_wconf 88' lang='grc' dir='ltr'><strong><em>μετα·</em></strong></span> <span class='ocrx_word' id='word_1_46' title='bbox 1095 1162 1108 1204; x_wconf 81' lang='grc' dir='ltr'><strong><em>ε</em></strong></span> 
     </span>
     <span class='ocr_line' id='line_1_7' title="bbox 57 1242 182 1324; baseline 0 -18"><span class='ocrx_word' id='word_1_47' title='bbox 57 1242 182 1324; x_wconf 86' lang='grc' dir='ltr'><strong><em>βάλλει.</em></strong></span> 
     </span>
    </p>

    <p class='ocr_par' dir='ltr' id='par_1_4' title="bbox 57 1345 1108 1965">
     <span class='ocr_line' id='line_1_8' title="bbox 127 1345 1067 1431; baseline 0 -19"><span class='ocrx_word' id='word_1_48' title='bbox 127 1345 169 1412; x_wconf 75' lang='grc' dir='ltr'><strong><em>δ’.</em></strong></span> <span class='ocrx_word' id='word_1_49' title='bbox 193 1345 264 1412; x_wconf 84' lang='grc' dir='ltr'><strong><em>Ὅτι</em></strong></span> <span class='ocrx_word' id='word_1_50' title='bbox 291 1348 332 1413; x_wconf 87' lang='grc' dir='ltr'><strong><em>οὐ</em></strong></span> <span class='ocrx_word' id='word_1_51' title='bbox 359 1349 397 1412; x_wconf 91' lang='grc' dir='ltr'><strong><em>τὸ</em></strong></span> <span class='ocrx_word' id='word_1_52' title='bbox 425 1349 468 1431; x_wconf 82' lang='grc' dir='ltr'><strong><em>μὴ</em></strong></span> <span class='ocrx_word' id='word_1_53' title='bbox 497 1346 640 1431; x_wconf 82' lang='grc' dir='ltr'><strong><em>ὁρᾶσθαι</em></strong></span> <span class='ocrx_word' id='word_1_54' title='bbox 669 1347 750 1412; x_wconf 90' lang='grc' dir='ltr'><strong><em>ὅλον</em></strong></span> <span class='ocrx_word' id='word_1_55' title='bbox 777 1345 853 1411; x_wconf 85' lang='grc' dir='ltr'><strong><em>καθ’</em></strong></span> <span class='ocrx_word' id='word_1_56' title='bbox 878 1346 958 1411; x_wconf 93' lang='grc' dir='ltr'><strong><em>ὅλον</em></strong></span> <span class='ocrx_word' id='word_1_57' title='bbox 986 1348 1067 1412; x_wconf 84' lang='grc' dir='ltr'><strong><em>αὐτὸ</em></strong></span> 
     </span>
     <span class='ocr_line' id='line_1_9' title="bbox 57 1449 1068 1539; baseline 0.002 -21"><span class='ocrx_word' id='word_1_58' title='bbox 57 1455 265 1539; x_wconf 79' lang='grc' dir='ltr'><strong><em>μεταβάλλον</em></strong></span> <span class='ocrx_word' id='word_1_59' title='bbox 286 1456 367 1539; x_wconf 77' lang='grc' dir='ltr'><strong><em>μήτε</em></strong></span> <span class='ocrx_word' id='word_1_60' title='bbox 389 1464 457 1518; x_wconf 85' lang='grc' dir='ltr'><strong><em>τῶν</em></strong></span> <span class='ocrx_word' id='word_1_61' title='bbox 481 1456 652 1537; x_wconf 81' lang='grc' dir='ltr'><strong><em>στοιχείων</em></strong></span> <span class='ocrx_word' id='word_1_62' title='bbox 674 1449 779 1536; x_wconf 70' lang='grc' dir='ltr'><strong><em>μηδὲν</em></strong></span> <span class='ocrx_word' id='word_1_63' title='bbox 801 1456 882 1538; x_wconf 83' lang='grc' dir='ltr'><strong><em>μῆτε</em></strong></span> <span class='ocrx_word' id='word_1_64' title='bbox 905 1455 964 1518; x_wconf 87' lang='grc' dir='ltr'><strong><em>τὸν</em></strong></span> <span class='ocrx_word' id='word_1_65' title='bbox 987 1454 1068 1520; x_wconf 90' lang='grc' dir='ltr'><strong><em>ὅλον</em></strong></span> 
     </span>
     <span class='ocr_line' id='line_1_10' title="bbox 59 1557 1067 1646; baseline 0 -19"><span class='ocrx_word' id='word_1_66' title='bbox 59 1565 186 1645; x_wconf 85' lang='grc' dir='ltr'><strong><em>κόσμον</em></strong></span> <span class='ocrx_word' id='word_1_67' title='bbox 212 1569 311 1625; x_wconf 87' lang='grc' dir='ltr'><strong><em>τοῦτο</em></strong></span> <span class='ocrx_word' id='word_1_68' title='bbox 338 1557 505 1636; x_wconf 75' lang='grc' dir='ltr'><strong><em>ἀπόδειξίς</em></strong></span> <span class='ocrx_word' id='word_1_69' title='bbox 528 1558 618 1625; x_wconf 79' lang='grc' dir='ltr'><strong><em>ἐστιν</em></strong></span> <span class='ocrx_word' id='word_1_70' title='bbox 639 1568 701 1625; x_wconf 87' lang='grc' dir='ltr'><strong><em>τοῦ</em></strong></span> <span class='ocrx_word' id='word_1_71' title='bbox 723 1558 779 1624; x_wconf 84' lang='grc' dir='ltr'><strong><em>καί</em></strong></span> <span class='ocrx_word' id='word_1_72' title='bbox 800 1565 969 1640; x_wconf 80' lang='grc' dir='ltr'><strong><em>παντελῶς</em></strong></span> <span class='ocrx_word' id='word_1_73' title='bbox 992 1562 1067 1646; x_wconf 88' lang='grc' dir='ltr'><strong><em>άμε-</em></strong></span> 
     </span>
     <span class='ocr_line' id='line_1_11' title="bbox 59 1663 1108 1753; baseline 0.004 -21"><span class='ocrx_word' id='word_1_74' title='bbox 59 1669 224 1752; x_wconf 82' lang='grc' dir='ltr'><strong><em>τάβλητον</em></strong></span> <span class='ocrx_word' id='word_1_75' title='bbox 256 1663 341 1732; x_wconf 81' lang='grc' dir='ltr'><strong><em>εἶναι</em></strong></span> <span class='ocrx_word' id='word_1_76' title='bbox 372 1668 432 1732; x_wconf 88' lang='grc' dir='ltr'><strong><em>τὸν</em></strong></span> <span class='ocrx_word' id='word_1_77' title='bbox 463 1669 589 1751; x_wconf 84' lang='grc' dir='ltr'><strong><em>κόσμον</em></strong></span> <span class='ocrx_word' id='word_1_78' title='bbox 621 1665 676 1732; x_wconf 81' lang='grc' dir='ltr'><strong><em>καὶ</em></strong></span> <span class='ocrx_word' id='word_1_79' title='bbox 707 1669 896 1753; x_wconf 84' lang='grc' dir='ltr'><strong><em>άφθαρτον,</em></strong></span> <span class='ocrx_word' id='word_1_80' title='bbox 928 1669 1066 1733; x_wconf 87' lang='grc' dir='ltr'><strong><em>τούναν-</em></strong></span> <span class='ocrx_word' id='word_1_81' title='bbox 1082 1697 1108 1736; x_wconf 81' lang='grc' dir='ltr'><strong><em>ιο</em></strong></span> 
     </span>
     <span class='ocr_line' id='line_1_12' title="bbox 59 1771 1069 1861; baseline 0 -21"><span class='ocrx_word' id='word_1_82' title='bbox 59 1779 134 1840; x_wconf 89' lang='grc' dir='ltr'><strong><em>τίον</em></strong></span> <span class='ocrx_word' id='word_1_83' title='bbox 165 1771 203 1839; x_wconf 70' lang='grc' dir='ltr'><strong><em>δὲ</em></strong></span> <span class='ocrx_word' id='word_1_84' title='bbox 234 1778 361 1858; x_wconf 84' lang='grc' dir='ltr'><strong><em>μᾶλλον</em></strong></span> <span class='ocrx_word' id='word_1_85' title='bbox 392 1773 412 1857; x_wconf 83' lang='grc' dir='ltr'><strong><em>ῆ</em></strong></span> <span class='ocrx_word' id='word_1_86' title='bbox 444 1783 512 1838; x_wconf 82' lang='grc' dir='ltr'><strong><em>τῶν</em></strong></span> <span class='ocrx_word' id='word_1_87' title='bbox 542 1776 670 1860; x_wconf 88' lang='grc' dir='ltr'><strong><em>μορίων</em></strong></span> <span class='ocrx_word' id='word_1_88' title='bbox 701 1776 818 1861; x_wconf 86' lang='grc' dir='ltr'><strong><em>φθορά</em></strong></span> <span class='ocrx_word' id='word_1_89' title='bbox 848 1772 903 1839; x_wconf 83' lang='grc' dir='ltr'><strong><em>καί</em></strong></span> <span class='ocrx_word' id='word_1_90' title='bbox 940 1774 1069 1858; x_wconf 78' lang='grc' dir='ltr'><strong><em>γένεσις</em></strong></span> 
     </span>
     <span class='ocr_line' id='line_1_13' title="bbox 59 1876 1068 1965; baseline 0 -19"><span class='ocrx_word' id='word_1_91' title='bbox 59 1891 121 1946; x_wconf 91' lang='grc' dir='ltr'><strong><em>τοῦ</em></strong></span> <span class='ocrx_word' id='word_1_92' title='bbox 153 1879 208 1946; x_wconf 82' lang='grc' dir='ltr'><strong><em>καί</em></strong></span> <span class='ocrx_word' id='word_1_93' title='bbox 240 1881 300 1945; x_wconf 88' lang='grc' dir='ltr'><strong><em>τὸν</em></strong></span> <span class='ocrx_word' id='word_1_94' title='bbox 332 1881 412 1946; x_wconf 90' lang='grc' dir='ltr'><strong><em>ὅλον</em></strong></span> <span class='ocrx_word' id='word_1_95' title='bbox 443 1882 570 1964; x_wconf 87' lang='grc' dir='ltr'><strong><em>κόσμον</em></strong></span> <span class='ocrx_word' id='word_1_96' title='bbox 601 1890 660 1964; x_wconf 89' lang='grc' dir='ltr'><strong><em>τῆς</em></strong></span> <span class='ocrx_word' id='word_1_97' title='bbox 688 1881 790 1965; x_wconf 86' lang='grc' dir='ltr'><strong><em>αὐτῆς</em></strong></span> <span class='ocrx_word' id='word_1_98' title='bbox 820 1876 905 1946; x_wconf 78' lang='grc' dir='ltr'><strong><em>εἶναι</em></strong></span> <span class='ocrx_word' id='word_1_99' title='bbox 936 1882 1068 1965; x_wconf 86' lang='grc' dir='ltr'><strong><em>φύσεως</em></strong></span> 
     </span>
    </p>
   </div>
   <div class='ocr_carea' id='block_1_3' title="bbox 60 1985 236 2066">
    <p class='ocr_par' dir='ltr' id='par_1_5' title="bbox 60 1985 236 2066">
     <span class='ocr_line' id='line_1_14' title="bbox 60 1985 236 2066; baseline -0.006 -13"><span class='ocrx_word' id='word_1_100' title='bbox 60 1985 236 2066; x_wconf 76' lang='grc' dir='ltr'><strong><em>ἀπόδειξις.</em></strong></span> 
     </span>
    </p>
   </div>
   <div class='ocr_carea' id='block_1_4' title="bbox 58 2089 1108 2287">
    <p class='ocr_par' dir='ltr' id='par_1_6' title="bbox 58 2089 1108 2287">
     <span class='ocr_line' id='line_1_15' title="bbox 129 2089 1068 2179; baseline 0.001 -20"><span class='ocrx_word' id='word_1_101' title='bbox 129 2092 166 2159; x_wconf 81' lang='grc' dir='ltr'><strong><em>ε’.</em></strong></span> <span class='ocrx_word' id='word_1_102' title='bbox 191 2092 261 2158; x_wconf 84' lang='grc' dir='ltr'><strong><em>Ὅτι</em></strong></span> <span class='ocrx_word' id='word_1_103' title='bbox 289 2090 368 2158; x_wconf 70' lang='grc' dir='ltr'><strong><em>οὐδὲ</em></strong></span> <span class='ocrx_word' id='word_1_104' title='bbox 395 2095 433 2158; x_wconf 89' lang='grc' dir='ltr'><strong><em>τὸ</em></strong></span> <span class='ocrx_word' id='word_1_105' title='bbox 461 2095 545 2159; x_wconf 79' lang='grc' dir='ltr'><strong><em>κατὰ</em></strong></span> <span class='ocrx_word' id='word_1_106' title='bbox 565 2090 671 2178; x_wconf 76' lang='grc' dir='ltr'><strong><em>μηδὲν</em></strong></span> <span class='ocrx_word' id='word_1_107' title='bbox 693 2089 782 2171; x_wconf 82' lang='grc' dir='ltr'><strong><em>είόος</em></strong></span> <span class='ocrx_word' id='word_1_108' title='bbox 804 2096 986 2179; x_wconf 77' lang='grc' dir='ltr'><strong><em>μεταβολῆς</em></strong></span> <span class='ocrx_word' id='word_1_109' title='bbox 1008 2096 1068 2160; x_wconf 91' lang='grc' dir='ltr'><strong><em>τὸν</em></strong></span> 
     </span>
     <span class='ocr_line' id='line_1_16' title="bbox 58 2201 1108 2287; baseline 0.003 -22"><span class='ocrx_word' id='word_1_110' title='bbox 58 2201 208 2287; x_wconf 84' lang='grc' dir='ltr'><strong><em>ούρανὸν</em></strong></span> <span class='ocrx_word' id='word_1_111' title='bbox 234 2201 452 2285; x_wconf 81' lang='grc' dir='ltr'><strong><em>μεταβάλλειν</em></strong></span> <span class='ocrx_word' id='word_1_112' title='bbox 474 2202 562 2284; x_wconf 82' lang='grc' dir='ltr'><strong><em>πλὴν</em></strong></span> <span class='ocrx_word' id='word_1_113' title='bbox 583 2210 641 2284; x_wconf 91' lang='grc' dir='ltr'><strong><em>τῆς</em></strong></span> <span class='ocrx_word' id='word_1_114' title='bbox 662 2201 745 2265; x_wconf 87' lang='grc' dir='ltr'><strong><em>κατά</em></strong></span> <span class='ocrx_word' id='word_1_115' title='bbox 767 2204 870 2266; x_wconf 88' lang='grc' dir='ltr'><strong><em>τόπον</em></strong></span> <span class='ocrx_word' id='word_1_116' title='bbox 892 2203 1069 2287; x_wconf 78' lang='grc' dir='ltr'><strong><em>τεκμήριόν</em></strong></span> <span class='ocrx_word' id='word_1_117' title='bbox 1084 2228 1108 2269; x_wconf 84' lang='grc' dir='ltr'><strong><em>ιε</em></strong></span> 
     </span>
    </p>
   </div>
   <div class='ocr_carea' id='block_1_5' title="bbox 58 2302 1109 3139">
    <p class='ocr_par' dir='ltr' id='par_1_7' title="bbox 59 2302 781 2392">
     <span class='ocr_line' id='line_1_17' title="bbox 59 2302 781 2392; baseline -0.001 -19"><span class='ocrx_word' id='word_1_118' title='bbox 59 2307 152 2373; x_wconf 77' lang='grc' dir='ltr'><strong><em>ἐστιν</em></strong></span> <span class='ocrx_word' id='word_1_119' title='bbox 173 2316 233 2373; x_wconf 89' lang='grc' dir='ltr'><strong><em>τοῦ</em></strong></span> <span class='ocrx_word' id='word_1_120' title='bbox 257 2309 435 2392; x_wconf 74' lang='grc' dir='ltr'><strong><em>ἄφθαρτον</em></strong></span> <span class='ocrx_word' id='word_1_121' title='bbox 457 2302 544 2370; x_wconf 84' lang='grc' dir='ltr'><strong><em>εἶναι</em></strong></span> <span class='ocrx_word' id='word_1_122' title='bbox 566 2308 626 2371; x_wconf 91' lang='grc' dir='ltr'><strong><em>τὸν</em></strong></span> <span class='ocrx_word' id='word_1_123' title='bbox 648 2310 781 2391; x_wconf 88' lang='grc' dir='ltr'><strong><em>κόσμον.</em></strong></span> 
     </span>
    </p>

    <p class='ocr_par' dir='ltr' id='par_1_8' title="bbox 58 2411 1068 2712">
     <span class='ocr_line' id='line_1_18' title="bbox 126 2411 1066 2501; baseline 0.002 -24"><span class='ocrx_word' id='word_1_124' title='bbox 126 2411 168 2486; x_wconf 78' lang='grc' dir='ltr'><strong><em>ς’.</em></strong></span> <span class='ocrx_word' id='word_1_125' title='bbox 192 2411 262 2478; x_wconf 80' lang='grc' dir='ltr'><strong><em>Ὅτι</em></strong></span> <span class='ocrx_word' id='word_1_126' title='bbox 285 2415 416 2498; x_wconf 81' lang='grc' dir='ltr'><strong><em>ψυχρὸν</em></strong></span> <span class='ocrx_word' id='word_1_127' title='bbox 438 2414 475 2478; x_wconf 89' lang='grc' dir='ltr'><strong><em>τὸ</em></strong></span> <span class='ocrx_word' id='word_1_128' title='bbox 503 2415 544 2477; x_wconf 87' lang='grc' dir='ltr'><strong><em>τά</em></strong></span> <span class='ocrx_word' id='word_1_129' title='bbox 569 2414 679 2501; x_wconf 89' lang='grc' dir='ltr'><strong><em>κύκλῳ</em></strong></span> <span class='ocrx_word' id='word_1_130' title='bbox 707 2415 888 2498; x_wconf 86' lang='grc' dir='ltr'><strong><em>κινούμενα</em></strong></span> <span class='ocrx_word' id='word_1_131' title='bbox 915 2412 957 2479; x_wconf 77' lang='grc' dir='ltr'><strong><em>δι’</em></strong></span> <span class='ocrx_word' id='word_1_132' title='bbox 986 2414 1066 2480; x_wconf 84' lang='grc' dir='ltr'><strong><em>αὐτὸ</em></strong></span> 
     </span>
     <span class='ocr_line' id='line_1_19' title="bbox 58 2518 1068 2608; baseline 0.002 -24"><span class='ocrx_word' id='word_1_133' title='bbox 58 2522 96 2584; x_wconf 90' lang='grc' dir='ltr'><strong><em>τὸ</em></strong></span> <span class='ocrx_word' id='word_1_134' title='bbox 126 2521 235 2608; x_wconf 82' lang='grc' dir='ltr'><strong><em>κύκλῳ</em></strong></span> <span class='ocrx_word' id='word_1_135' title='bbox 263 2527 431 2585; x_wconf 87' lang='grc' dir='ltr'><strong><em>κινεῖσθαι</em></strong></span> <span class='ocrx_word' id='word_1_136' title='bbox 458 2522 538 2604; x_wconf 80' lang='grc' dir='ltr'><strong><em>μήτε</em></strong></span> <span class='ocrx_word' id='word_1_137' title='bbox 565 2518 729 2606; x_wconf 77' lang='grc' dir='ltr'><strong><em>ἄρξασθαι</em></strong></span> <span class='ocrx_word' id='word_1_138' title='bbox 758 2519 868 2604; x_wconf 77' lang='grc' dir='ltr'><strong><em>λέγειν</em></strong></span> <span class='ocrx_word' id='word_1_139' title='bbox 894 2531 951 2606; x_wconf 93' lang='grc' dir='ltr'><strong><em>τῆς</em></strong></span> <span class='ocrx_word' id='word_1_140' title='bbox 977 2524 1068 2606; x_wconf 85' lang='grc' dir='ltr'><strong><em>κινῆ-</em></strong></span> 
     </span>
     <span class='ocr_line' id='line_1_20' title="bbox 60 2628 466 2712; baseline -0.002 -21"><span class='ocrx_word' id='word_1_141' title='bbox 60 2645 144 2704; x_wconf 85' lang='grc' dir='ltr'><strong><em>σεως</em></strong></span> <span class='ocrx_word' id='word_1_142' title='bbox 168 2629 247 2712; x_wconf 77' lang='grc' dir='ltr'><strong><em>μήτε</em></strong></span> <span class='ocrx_word' id='word_1_143' title='bbox 270 2628 466 2692; x_wconf 79' lang='grc' dir='ltr'><strong><em>παύσεσθαι.</em></strong></span> 
     </span>
    </p>

    <p class='ocr_par' dir='ltr' id='par_1_9' title="bbox 60 2729 1109 2924">
     <span class='ocr_line' id='line_1_21' title="bbox 127 2729 1109 2820; baseline 0.004 -24"><span class='ocrx_word' id='word_1_144' title='bbox 127 2731 164 2813; x_wconf 81' lang='grc' dir='ltr'><strong><em>ζ’.</em></strong></span> <span class='ocrx_word' id='word_1_145' title='bbox 188 2731 258 2797; x_wconf 83' lang='grc' dir='ltr'><strong><em>Ὅτι</em></strong></span> <span class='ocrx_word' id='word_1_146' title='bbox 281 2734 321 2798; x_wconf 86' lang='grc' dir='ltr'><strong><em>τά</em></strong></span> <span class='ocrx_word' id='word_1_147' title='bbox 344 2730 416 2816; x_wconf 82' lang='grc' dir='ltr'><strong><em>ἑξῆς</em></strong></span> <span class='ocrx_word' id='word_1_148' title='bbox 438 2742 499 2798; x_wconf 92' lang='grc' dir='ltr'><strong><em>τοῦ</em></strong></span> <span class='ocrx_word' id='word_1_149' title='bbox 519 2735 621 2815; x_wconf 93' lang='grc' dir='ltr'><strong><em>λόγου</em></strong></span> <span class='ocrx_word' id='word_1_150' title='bbox 640 2729 741 2798; x_wconf 69' lang='grc' dir='ltr'><strong><em>οὐδὲν</em></strong></span> <span class='ocrx_word' id='word_1_151' title='bbox 759 2736 825 2818; x_wconf 86' lang='grc' dir='ltr'><strong><em>ἔχει</em></strong></span> <span class='ocrx_word' id='word_1_152' title='bbox 843 2747 1067 2820; x_wconf 84' lang='grc' dir='ltr'><strong><em>πραγματειῶ-</em></strong></span> <span class='ocrx_word' id='word_1_153' title='bbox 1082 2761 1109 2800; x_wconf 72' lang='grc' dir='ltr'><strong><em>νο</em></strong></span> 
     </span>
     <span class='ocr_line' id='line_1_22' title="bbox 60 2836 927 2924; baseline 0.001 -20"><span class='ocrx_word' id='word_1_154' title='bbox 60 2841 130 2923; x_wconf 79' lang='grc' dir='ltr'><strong><em>ὃες,</em></strong></span> <span class='ocrx_word' id='word_1_155' title='bbox 155 2841 375 2923; x_wconf 81' lang='grc' dir='ltr'><strong><em>Πλατωνικὴν</em></strong></span> <span class='ocrx_word' id='word_1_156' title='bbox 398 2836 584 2924; x_wconf 69' lang='grc' dir='ltr'><strong><em>δὲμᾶλλον</em></strong></span> <span class='ocrx_word' id='word_1_157' title='bbox 607 2838 731 2924; x_wconf 79' lang='grc' dir='ltr'><strong><em>ἐλέγχει</em></strong></span> <span class='ocrx_word' id='word_1_158' title='bbox 754 2840 927 2905; x_wconf 87' lang='grc' dir='ltr'><strong><em>ὑπόθεσιν.</em></strong></span> 
     </span>
    </p>

    <p class='ocr_par' dir='ltr' id='par_1_10' title="bbox 58 2943 1067 3139">
     <span class='ocr_line' id='line_1_23' title="bbox 128 2943 1067 3031; baseline 0.003 -21"><span class='ocrx_word' id='word_1_159' title='bbox 128 2943 171 3029; x_wconf 83' lang='grc' dir='ltr'><strong><em>η’.</em></strong></span> <span class='ocrx_word' id='word_1_160' title='bbox 196 2944 266 3010; x_wconf 84' lang='grc' dir='ltr'><strong><em>Ὅτι</em></strong></span> <span class='ocrx_word' id='word_1_161' title='bbox 289 2944 344 3010; x_wconf 81' lang='grc' dir='ltr'><strong><em>καὶ</em></strong></span> <span class='ocrx_word' id='word_1_162' title='bbox 368 2944 405 3010; x_wconf 78' lang='grc' dir='ltr'><strong><em>ἐν</em></strong></span> <span class='ocrx_word' id='word_1_163' title='bbox 423 2947 555 3023; x_wconf 88' lang='grc' dir='ltr'><strong><em>τούτοις</em></strong></span> <span class='ocrx_word' id='word_1_164' title='bbox 573 2949 680 3011; x_wconf 90' lang='grc' dir='ltr'><strong><em>καίτοι</em></strong></span> <span class='ocrx_word' id='word_1_165' title='bbox 699 2944 761 3011; x_wconf 85' lang='grc' dir='ltr'><strong><em>οὐκ</em></strong></span> <span class='ocrx_word' id='word_1_166' title='bbox 779 2946 973 3031; x_wconf 78' lang='grc' dir='ltr'><strong><em>ἀναγκαίοις</em></strong></span> <span class='ocrx_word' id='word_1_167' title='bbox 991 2943 1067 3013; x_wconf 88' lang='grc' dir='ltr'><strong><em>οὖσι</em></strong></span> 
     </span>
     <span class='ocr_line' id='line_1_24' title="bbox 58 3051 538 3139; baseline 0 -21"><span class='ocrx_word' id='word_1_168' title='bbox 58 3056 309 3139; x_wconf 80' lang='grc' dir='ltr'><strong><em>παραλογίζεται</em></strong></span> <span class='ocrx_word' id='word_1_169' title='bbox 333 3051 351 3116; x_wconf 88' lang='grc' dir='ltr'>ὁ</span> <span class='ocrx_word' id='word_1_170' title='bbox 376 3055 538 3138; x_wconf 88' lang='grc' dir='ltr'><strong><em>Πρόκλος.</em></strong></span> 
     </span>
    </p>
   </div>
   <div class='ocr_carea' id='block_1_6' title="bbox 322 3248 807 3331">
    <p class='ocr_par' dir='ltr' id='par_1_11' title="bbox 322 3248 807 3331">
     <span class='ocr_line' id='line_1_25' title="bbox 322 3248 807 3331; baseline 0.002 -19"><span class='ocrx_word' id='word_1_171' title='bbox 322 3248 428 3324; x_wconf 86' lang='grc' dir='ltr'><strong><em>Λύσις</em></strong></span> <span class='ocrx_word' id='word_1_172' title='bbox 449 3256 510 3312; x_wconf 87' lang='grc' dir='ltr'><strong><em>τοῦ</em></strong></span> <span class='ocrx_word' id='word_1_173' title='bbox 533 3248 672 3313; x_wconf 80' lang='grc' dir='ltr'><strong><em>δεκάτου</em></strong></span> <span class='ocrx_word' id='word_1_174' title='bbox 695 3250 807 3331; x_wconf 88' lang='grc' dir='ltr'><strong><em>λόγου.</em></strong></span> 
     </span>
    </p>
   </div>
   <div class='ocr_carea' id='block_1_7' title="bbox 59 3371 1192 3999">
    <p class='ocr_par' dir='ltr' id='par_1_12' title="bbox 59 3371 1192 3999">
     <span class='ocr_line' id='line_1_26' title="bbox 128 3371 1107 3460; baseline 0.002 -23"><span class='ocrx_word' id='word_1_175' title='bbox 128 3371 171 3437; x_wconf 83' lang='grc' dir='ltr'><strong><em>α’.</em></strong></span> <span class='ocrx_word' id='word_1_176' title='bbox 202 3374 276 3438; x_wconf 88' lang='grc' dir='ltr'><strong><em>Δύο</em></strong></span> <span class='ocrx_word' id='word_1_177' title='bbox 305 3373 480 3458; x_wconf 86' lang='grc' dir='ltr'><strong><em>προτάσεις</em></strong></span> <span class='ocrx_word' id='word_1_178' title='bbox 510 3371 547 3437; x_wconf 82' lang='grc' dir='ltr'><strong><em>ἐν</em></strong></span> <span class='ocrx_word' id='word_1_179' title='bbox 575 3374 682 3460; x_wconf 90' lang='grc' dir='ltr'><strong><em>τούτῳ</em></strong></span> <span class='ocrx_word' id='word_1_180' title='bbox 712 3373 848 3450; x_wconf 79' lang='grc' dir='ltr'><strong><em>ψευδεῖς</em></strong></span> <span class='ocrx_word' id='word_1_181' title='bbox 880 3376 1016 3457; x_wconf 83' lang='grc' dir='ltr'><strong><em>είληφεν</em></strong></span> <span class='ocrx_word' id='word_1_182' title='bbox 1049 3373 1107 3439; x_wconf 78' lang='grc' dir='ltr'><strong><em>ὁτι</em></strong></span> 
     </span>
     <span class='ocr_line' id='line_1_27' title="bbox 61 3473 1068 3565; baseline 0 -21"><span class='ocrx_word' id='word_1_183' title='bbox 61 3482 263 3563; x_wconf 81' lang='grc' dir='ltr'><strong><em>φιλόσοφος,</em></strong></span> <span class='ocrx_word' id='word_1_184' title='bbox 292 3477 324 3555; x_wconf 76' lang='grc' dir='ltr'><strong><em>ἐξ</em></strong></span> <span class='ocrx_word' id='word_1_185' title='bbox 348 3473 396 3545; x_wconf 78' lang='grc' dir='ltr'><strong><em>ὧν</em></strong></span> <span class='ocrx_word' id='word_1_186' title='bbox 417 3480 518 3544; x_wconf 89' lang='grc' dir='ltr'><strong><em>πάλιν</em></strong></span> <span class='ocrx_word' id='word_1_187' title='bbox 540 3487 601 3543; x_wconf 87' lang='grc' dir='ltr'><strong><em>τοῦ</em></strong></span> <span class='ocrx_word' id='word_1_188' title='bbox 624 3479 771 3556; x_wconf 79' lang='grc' dir='ltr'><strong><em>ψεύδους</em></strong></span> <span class='ocrx_word' id='word_1_189' title='bbox 794 3477 1068 3565; x_wconf 83' lang='grc' dir='ltr'><strong><em>συγχωρηθέντος</em></strong></span> 
     </span>
     <span class='ocr_line' id='line_1_28' title="bbox 61 3579 1068 3673; baseline 0.002 -24"><span class='ocrx_word' id='word_1_190' title='bbox 61 3588 98 3650; x_wconf 91' lang='grc' dir='ltr'><strong><em>τὸ</em></strong></span> <span class='ocrx_word' id='word_1_191' title='bbox 135 3590 355 3671; x_wconf 85' lang='grc' dir='ltr'><strong><em>προκείμενον</em></strong></span> <span class='ocrx_word' id='word_1_192' title='bbox 391 3585 479 3673; x_wconf 75' lang='grc' dir='ltr'><strong><em>αύτῷ</em></strong></span> <span class='ocrx_word' id='word_1_193' title='bbox 517 3589 782 3671; x_wconf 88' lang='grc' dir='ltr'><strong><em>συμπεραίνεται.</em></strong></span> <span class='ocrx_word' id='word_1_194' title='bbox 834 3579 882 3649; x_wconf 79' lang='grc' dir='ltr'><strong><em>ὧν</em></strong></span> <span class='ocrx_word' id='word_1_195' title='bbox 917 3586 937 3669; x_wconf 84' lang='grc' dir='ltr'><em>ἡ</em></span> <span class='ocrx_word' id='word_1_196' title='bbox 975 3583 1068 3671; x_wconf 78' lang='grc' dir='ltr'><strong><em>ἑτέρα</em></strong></span> 
     </span>
     <span class='ocr_line' id='line_1_29' title="bbox 61 3690 1067 3780; baseline 0 -24"><span class='ocrx_word' id='word_1_197' title='bbox 61 3690 153 3758; x_wconf 75' lang='grc' dir='ltr'><strong><em>ἐστίν</em></strong></span> <span class='ocrx_word' id='word_1_198' title='bbox 183 3692 332 3774; x_wconf 83' lang='grc' dir='ltr'><strong><em>τοιαύτη·</em></strong></span> <span class='ocrx_word' id='word_1_199' title='bbox 373 3693 413 3756; x_wconf 81' lang='grc' dir='ltr'><strong><em>τά</em></strong></span> <span class='ocrx_word' id='word_1_200' title='bbox 443 3690 480 3755; x_wconf 79' lang='grc' dir='ltr'><strong><em>ἐν</em></strong></span> <span class='ocrx_word' id='word_1_201' title='bbox 512 3698 558 3778; x_wconf 76' lang='grc' dir='ltr'><strong><em>τῳ</em></strong></span> <span class='ocrx_word' id='word_1_202' title='bbox 594 3692 676 3755; x_wconf 82' lang='grc' dir='ltr'><strong><em>κατὰ</em></strong></span> <span class='ocrx_word' id='word_1_203' title='bbox 713 3693 817 3774; x_wconf 86' lang='grc' dir='ltr'><strong><em>φύσιν</em></strong></span> <span class='ocrx_word' id='word_1_204' title='bbox 853 3693 933 3757; x_wconf 87' lang='grc' dir='ltr'><strong><em>ὅντα</em></strong></span> <span class='ocrx_word' id='word_1_205' title='bbox 968 3695 1067 3780; x_wconf 81' lang='grc' dir='ltr'><strong><em>τόπῳ,</em></strong></span> 
     </span>
     <span class='ocr_line' id='line_1_30' title="bbox 61 3797 1078 3886; baseline -0.006 -22"><span class='ocrx_word' id='word_1_206' title='bbox 61 3803 177 3885; x_wconf 78' lang='grc' dir='ltr'><strong><em>φησίν,</em></strong></span> <span class='ocrx_word' id='word_1_207' title='bbox 201 3799 312 3864; x_wconf 76' lang='grc' dir='ltr'><strong><em>διὰτὸ</em></strong></span> <span class='ocrx_word' id='word_1_208' title='bbox 337 3800 424 3884; x_wconf 80' lang='grc' dir='ltr'><strong><em>ἔχειν</em></strong></span> <span class='ocrx_word' id='word_1_209' title='bbox 446 3799 483 3863; x_wconf 89' lang='grc' dir='ltr'><strong><em>τὸ</em></strong></span> <span class='ocrx_word' id='word_1_210' title='bbox 507 3799 589 3862; x_wconf 75' lang='grc' dir='ltr'><strong><em>κατὰ</em></strong></span> <span class='ocrx_word' id='word_1_211' title='bbox 612 3799 718 3884; x_wconf 80' lang='grc' dir='ltr'><strong><em>φύσιν</em></strong></span> <span class='ocrx_word' id='word_1_212' title='bbox 737 3797 952 3886; x_wconf 70' lang='grc' dir='ltr'><strong><em>άμετάβλητόι</em></strong></span> <span class='ocrx_word' id='word_1_213' title='bbox 974 3797 1078 3861; x_wconf 64' lang='grc' dir='ltr'><strong><em>ἐστιν</em></strong></span> 
     </span>
     <span class='ocr_line' id='line_1_31' title="bbox 59 3904 1192 3999; baseline 0.006 -33"><span class='ocrx_word' id='word_1_214' title='bbox 59 3907 101 3966; x_wconf 76' lang='grc' dir='ltr'><strong><em>τά</em></strong></span> <span class='ocrx_word' id='word_1_215' title='bbox 116 3907 183 3986; x_wconf 82' lang='grc' dir='ltr'><strong><em>γάρ</em></strong></span> <span class='ocrx_word' id='word_1_216' title='bbox 199 3905 451 3985; x_wconf 84' lang='grc' dir='ltr'><strong><em>μεταβάλλοντα</em></strong></span> <span class='ocrx_word' id='word_1_217' title='bbox 474 3905 513 3973; x_wconf 76' lang='grc' dir='ltr'><strong><em>ἐν</em></strong></span> <span class='ocrx_word' id='word_1_218' title='bbox 535 3910 656 3990; x_wconf 88' lang='grc' dir='ltr'><strong><em>τόποις</em></strong></span> <span class='ocrx_word' id='word_1_219' title='bbox 677 3907 882 3999; x_wconf 83' lang='grc' dir='ltr'><strong><em>ἀλλοτρίοις</em></strong></span> <span class='ocrx_word' id='word_1_220' title='bbox 895 3907 991 3973; x_wconf 71' lang='grc' dir='ltr'><strong><em>’ὅντα</em></strong></span> <span class='ocrx_word' id='word_1_221' title='bbox 1008 3918 1114 3983; x_wconf 56' lang='grc' dir='ltr'><strong><em>υἱω-</em></strong></span> <span class='ocrx_word' id='word_1_222' title='bbox 1125 3914 1153 3954; x_wconf 52' lang='lat'><strong><em>2‘</em></strong></span> <span class='ocrx_word' id='word_1_223' title='bbox 1186 3904 1192 3911; x_wconf 77' lang='grc'><strong>’</strong></span> 
     </span>
    </p>
   </div>
   <div class='ocr_carea' id='block_1_8' title="bbox 0 0 1210 4208">
    <p class='ocr_par' dir='ltr' id='par_1_13' title="bbox 0 0 1210 4208">
     <span class='ocr_line' id='line_1_32' title="bbox 0 0 1210 4208; baseline 0 0"><span class='ocrx_word' id='word_1_224' title='bbox 0 0 1210 4208; x_wconf 95' lang='lat' dir='ltr'><strong><em> </em></strong></span> 
     </span>
    </p>
   </div>
  </div>
 </body>
</html>
