2394 4208
67 534 108 601 VI
128 544 159 619 8]
344 545 393 602 DE
412 545 671 603 ΑΕΤΕΒΝΙΤΔΤΕ
688 547 810 604 MVNDI
1026 552 1090 618 145

63 727 185 787 σαντες
215 712 312 795 ἔχειν.
357 711 512 796 τῶνγὰρ
535 712 596 776 τὸν
615 711 780 777 Πλάτωνα
796 717 1090 798 τεροῦτιομνηματι-

64 815 222 900 σαμένων
249 815 353 901 τινές,
386 812 435 883 ὧν
463 816 554 882 ἐστιν
580 815 636 882 καὶ
665 817 684 883 6
713 820 930 897 Πλατωνικὸς
961 824 1090 906 Ταῦρος

63 921 123 988 καὶ
146 923 165 989 6
192 923 311 1001 Φοίνιξ
336 925 550 1011 Πορφόριος,
579 916 630 1002 οἷς
652 924 709 990 καὶ
732 925 751 991 6
775 929 930 1013 Πρόκλος
951 950 1089 1011 κατηκο-

63 1031 249 1114 λούθησεν,
272 1025 366 1096 οὗτοι
390 1031 532 1116 γενητὸν
554 1029 616 1116 μὲν
638 1028 725 1098 εἶναι
747 1033 808 1098 τὸν
824 1035 951 1118 κόσμον
970 1033 1089 1119 ὁμολο-

63 1120 189 1221 μοῦσιν
211 1137 277 1202 ὑπὸ
298 1139 479 1215 Πλάτωνος
502 1136 672 1223 λέγεσθαι,
690 1139 753 1223 οὐχ
776 1139 863 1206 οὕτω
887 1137 925 1205 δὲ
948 1143 1089 1226 γενητὸν
1115 1167 1128 1208 ι

64 1245 112 1322 ὡς
139 1243 205 1308 ἀπό
233 1266 325 1321 τινος
352 1244 455 1330 ἀρχῆς
480 1254 542 1310 τοῦ
570 1241 656 1310 εἶναι
680 1245 877 1332 ἀρξάμενον,
900 1247 985 1313 ἀλλὰ
1006 1248 1084 1314 καθ’

63 1349 183 1436 ἕτερον
217 1354 344 1435 τρόπον
372 1349 546 1435 γενέσεως·
576 1357 749 1437 πολλαχῶς
781 1355 845 1439 μὰρ
877 1354 915 1418 τὸ
948 1356 1088 1438 γενητὸν

63 1455 230 1540 λέγεσθαί
246 1475 358 1541 φασιν.
395 1459 452 1523 ἵνα
471 1455 509 1523 66
531 1459 574 1543 μὴ
594 1458 690 1524 αὐτοὶ
713 1460 754 1523 τοὶ
776 1458 914 1525 ἐκείνων
936 1460 1086 1545 λέγωμεν

62 1563 153 1648 μηδέ
168 1587 201 1628 τι
220 1574 288 1628 τῶν
307 1563 561 1648 σημαινομένων
578 1574 640 1630 τοῦ
659 1574 800 1648 γενητοῦ
823 1570 1087 1653 παραλείπωμεν,

63 1669 151 1735 αὐτοὶ
182 1671 224 1734 τὰ
254 1679 315 1735 τοῦ
344 1674 565 1737 Πλατωνικοῦ
597 1674 730 1757 Ταύρου
762 1675 1000 1757 παραθήσομαι
1031 1676 1086 1760 ῥη-
1101 1700 1127 1740 ιο

63 1796 165 1861 ματα·
192 1781 331 1843 πλείστα
358 1779 421 1863 γὰρ
450 1772 549 1855 οὗτος
576 1778 595 1843 6
624 1778 708 1865 ἀνὴρ
731 1787 792 1843 τοῦ
815 1788 957 1862 μενητοῦ
981 1779 1087 1846 ἐκινε-

62 1886 166 1968 νόηκε
186 1886 423 1968 σημαινόμενα·
439 1883 531 1968 λέγει
551 1893 636 1967 γοῦν
655 1884 692 1950 ἐν
710 1894 780 1962 τοῖς
799 1886 847 1961 εἰς
865 1885 924 1949 τὸν
947 1889 1087 1970 Τίμαιον

64 1990 303 2074 ὑπομνήμασιν
326 1988 379 2055 έιιὶ
402 1988 519 2067 λέξεως
536 1999 640 2055 ταῦτα
658 1989 872 2075 (ζητουμένου
891 1989 939 2075 δέ,
958 1993 987 2056 εἰ
1005 1993 1087 2058 κατὰ

64 2097 234 2163 Πλάτωνα
265 2094 425 2181 ἀγένητός
456 2095 548 2163 ἐστιν
579 2096 598 2161 6
629 2098 769 2181 κόσμος,
807 2098 979 2183 διαφόρως
1010 2097 1085 2184 περὶ

63 2206 189 2270 τούτου
208 2205 241 2269 οἱ
260 2206 442 2287 φιλόσοφοι
464 2204 468 2287 λ
488 2201 688 2288 ἠνέχθησαν.
723 2201 950 2288 Ἀριστοτέλης
968 2201 1139 2288 μὲντοιὸνν.

65 2307 130 2377 οὖν
157 2328 264 2395 φησιν
294 2308 404 2392 λέγειν
427 2311 486 2374 τὸν
514 2313 654 2393 Τίμαιον
676 2311 817 2394 γενητὸν
840 2306 925 2376 εἶναι
949 2312 1009 2376 τὸν
1032 2315 1085 2378 κό-
1100 2338 1126 2379 ω

62 2437 167 2502 σμον,
194 2425 255 2481 τοῦ
288 2419 428 2500 Τιμαίου
456 2414 613 2500 λέγοντος
640 2414 827 2501 γεγονέναι·
856 2416 912 2482 καὶ
939 2420 1003 2503 γὰρ
1027 2417 1085 2502 φέ-

62 2547 157 2610 ρεται
185 2523 290 2589 αὐτοῦ
318 2525 516 2608 σύγγραμμα
537 2521 615 2609 περὶ
636 2532 697 2589 τοῦ
720 2524 843 2601 παντὸς
866 2524 911 2601 ὡς
933 2533 1084 2608 μενητοῦ.

62 2637 145 2708 [σως
168 2627 207 2696 δὲ
228 2633 383 2696 τοιοῦτόν
405 2653 436 2694 τι
460 2628 568 2713 λέγων
589 2631 607 2695 6
627 2632 808 2707 Πλάτωνος
831 2634 968 2714 Τίμαιος
990 2653 1085 2715 γενη-

59 2741 124 2804 τόν
158 2756 264 2822 φησιν
295 2738 355 2802 τὸν
385 2739 520 2820 κόσμον.
565 2736 621 2802 καὶ
656 2740 869 2822 Θεόφραστος
902 2736 1016 2820 μέντοι
1048 2736 1085 2802 έν
1098 2763 1124 2802 ιο

60 2852 110 2933 τῷ
139 2841 218 2930 περὶ
248 2854 316 2909 τῶν
347 2854 501 2927 φυσικῶν
532 2842 641 2920 δοξῶν
671 2844 754 2907 κατὰ
784 2843 949 2907 Πλάτωνά
980 2860 1085 2926 φησιν

62 2951 207 3035 γενητὸν
229 2950 289 3014 τὸν
310 2952 437 3033 κόσμον
458 2947 514 3015 καὶ
537 2949 644 3026 οὕτως
665 2958 808 3014 ποιεῖται
828 2950 886 3025 τὰς
904 2947 1081 3033 ἐνστάσεις,

61 3059 287 3143 παρεμφαίνει
319 3055 370 3140 δέ,
403 3055 454 3121 ὅτι
487 3062 566 3134 ίσως
597 3058 780 3139 σαφηνείας
810 3056 908 3140 χάριν
943 3056 1084 3139 γενητὸν

60 3164 171 3230 αὐτὸν
191 3163 396 3228 ὑποτίθεται.
440 3161 496 3227 καί
519 3164 614 3228 ἄλλοι
638 3160 679 3227 δέ
697 3184 786 3239 τινες
808 3161 914 3238 οὕτως
941 3160 1083 3246 ἠνέχθη·

60 3289 143 3355 σαν,
168 3269 219 3335 ὅτι
241 3270 325 3334 κατὰ
347 3270 513 3334 Πλάτωνα
534 3271 688 3353 μενητός,
712 3270 744 3333 οἱ
768 3267 819 3351 δέ,
843 3268 894 3333 ὅτι
917 3266 1083 3351 ἀγένητος.
1097 3291 1124 3334 ιε

60 3375 135 3444 ἐπεὶ
168 3373 206 3441 δὲ
238 3377 270 3441 οἱ
302 3377 500 3460 φάσκοντες,
534 3375 584 3440 ὅτι
612 3378 750 3460 γενητός
776 3373 881 3458 ἐστιν,
910 3374 1021 3439 ἄλλων
1047 3396 1082 3437 τε

70 3627 73 3636 ,
135 3573 160 3623 3.
180 3576 204 3624 4.
224 3569 496 3640 κατηκοηλονῙθησεν
514 3567 544 3621 Μ
614 3573 639 3621 4.
658 3586 709 3621 τον
727 3565 771 3620 bis
789 3566 819 3621 M
891 3571 916 3621 6,
932 3571 956 3619 7.
976 3562 1079 3637 unffi

60 3641 170 3708 ἕτερον,
188 3656 222 3694 ex
240 3659 259 3722 ι
275 3658 312 3695 cr.
328 3643 356 3694 et
370 3638 485 3721 spiritps
500 3638 564 3693 add.
583 3655 612 3691 m
631 3644 656 3705 2,
675 3636 705 3691 M
777 3643 819 3692 13.
839 3634 1008 3762 {Etovyssvov
1022 3639 1077 3692 κτλ.

74 3727 165 3782 usque
184 3711 222 3765 ad
239 3710 289 3766 lm.
309 3713 367 3780 m:
395 3708 683 3767 cf.1nfrafol.90r.
792 3715 834 3763 14.
873 3705 992 3780 γένητον
1015 3711 1078 3779 (om.

61 3781 303 3930 υιυο
382 3787 442 3907 ιι,
460 3777 827 3930 υοηηιυιι
893 3785 946 3913 ο
964 3778 1109 3926 ιω.

52 3941 135 3980 aar:
159 3921 196 3973 τί
210 3920 295 3985 ΒιοΙν,
314 3921 436 3992 Doxogt.
453 3941 485 3994 p.
502 3929 558 3982 48⁶
637 3934 681 3988 28.
704 3950 861 4010 σαφηνιας
878 3931 914 3990 M

92 4012 199 4050 soum
209 4012 372 4058 Puaotom
385 4021 421 4062 αα
435 4021 527 4070 Bm.
915 4030 959 4085 10
