2394 4208
10 39 840 342 -

63 556 110 612 VI
124 558 169 631 28]
334 558 383 614 DE
401 559 658 615 AETEBNITA'I'E
676 559 798 614 MVNDI
1010 560 1073 625 227

62 731 127 804 τῆς
154 719 232 804 ἐμῆς
257 723 449 806 βουλήσεως
475 725 625 807 μείζονος
652 725 700 787 ἔτι
728 723 854 806 δεσμοῦ
877 721 932 788 καὶ
954 746 1075 809 κυριω-

62 825 167 912 τέρον
189 830 346 912 λαχόντες
369 827 516 913 ἐκείνων,
539 821 591 906 οἷς
614 829 668 894 ὅτε
689 829 842 913 ἐγίνεσθε
860 828 1075 906 ξυνεθεῑσθε’.

64 935 98 999 εί
123 928 186 998 οὖν
207 935 308 999 λύσιν
329 933 385 999 καὶ
407 936 558 1000 θάνατον
581 937 643 1019 την
665 934 734 1001 κατ’
753 935 905 1001 ἐπίνοιαν
923 940 1075 1020 σημαίνει

62 1037 122 1105 καὶ
148 1041 250 1126 ταύτη
279 1040 401 1118 αὐτοὺς
429 1040 484 1106 καλ
514 1044 663 1126 θνητοὺς
690 1039 779 1107 είναί
804 1059 922 1127 φησιν,
953 1042 1010 1108 καὶ
1037 1043 1074 1108 τὸ

62 1148 111 1232 μὴ
138 1150 348 1231 λυθήσεσθαι
376 1149 439 1233 ἀρα
466 1152 547 1232 μήτε
573 1147 750 1225 τεύξεσθαι
777 1149 929 1213 θανάτου
955 1154 1074 1235 μοίρας
1100 1175 1113 1217 ο

61 1254 103 1318 τὸ
135 1255 179 1337 μὴ
209 1252 278 1318 κατ’
308 1253 459 1319 ἐτίνοιαν
488 1264 592 1319 ταῦτα
621 1255 802 1339 ὑπομένειν
831 1258 986 1338 σημαίνοι
1019 1257 1074 1320 ἀν·

63 1359 82 1424 ὃ
118 1361 180 1446 γάρ
212 1364 349 1443 τίθησιν
376 1360 397 1444 ἡ
427 1361 627 1444 κατάφασις,
659 1370 758 1425 τοῦτο
787 1360 917 1447 ἀναιρεῖ
945 1361 966 1445 ἡ
994 1361 1074 1427 ἀντύ-

63 1483 168 1550 φασις
195 1463 227 1543 ἐξ
255 1465 414 1549 ἀνάγκης·
440 1468 501 1550 τὴν
528 1468 591 1552 γάρ
620 1468 718 1532 λύσιν
745 1465 800 1532 καὶ
827 1468 887 1532 τὸν
913 1467 1074 1552 θάνατον,

61 1573 107 1656 ἣν
131 1571 167 1638 ἐκ
189 1581 246 1656 της
268 1572 380 1637 αὐτῶν
402 1573 536 1656 φύσεως
559 1568 651 1637 εἶπεν
673 1573 788 1649 αὐτοῖς
804 1573 977 1659 ὑπάρχειν,
995 1575 1073 1639 ταύ-

61 1701 126 1762 την
154 1679 255 1742 πάλιν
285 1679 342 1743 θιά
370 1680 432 1762 την
462 1687 523 1743 τοῦ
553 1685 638 1743 θεοῦ
667 1681 831 1763 βούλησιν
860 1681 903 1763 μὴ
934 1682 1072 1744 ἔσεσθαι
1086 1707 1112 1746 ιο

63 1785 179 1861 αὐτοῖς
210 1783 411 1869 ἀπεφήνατο.
457 1786 486 1849 εἰ
519 1780 582 1850 οὖν
614 1784 650 1850 ἐκ
680 1795 738 1870 της
768 1787 902 1869 φύσεως
930 1785 967 1850 τὸ
1000 1783 1069 1849 κατ’

63 1890 217 1958 ἐπίνοιαν
244 1888 331 1957 εἶναι
357 1889 453 1956 λυτολ
479 1890 535 1957 καὶ
561 1890 684 1975 θνητοὶ
707 1895 852 1977 ἔχουσιν,
880 1889 935 1956 καὶ
959 1889 994 1955 ἐκ
1016 1899 1074 1974 τῆς

61 2000 254 2081 βουλήσεως
280 2000 345 2084 ἀρα
371 2007 432 2063 τοῦ
459 2004 544 2063 θεοῦ
568 1997 637 2063 κατ’
661 1998 813 2064 ε’κίνοιαν
836 2001 967 2064 ἔσονται
990 1996 1073 2061 ἀθά-

62 2106 162 2169 νατοί
188 2127 223 2168 τε
251 2103 307 2169 καλ
337 2106 463 2170 ἀλντοι.
512 2108 603 2170 ἔσται
633 2100 696 2170 οὖν
727 2106 764 2170 τὸ
796 2106 1073 2191 συμφραζόμενον

61 2219 219 2276 τοιοῦτον
245 2210 320 2276 “ούκ
347 2213 464 2275 ἔσεσθε
490 2207 553 2294 μὲν
579 2209 648 2275 κατ’
672 2210 824 2276 ἐπίνοιαν
852 2213 968 2275 ἀλυτοι
991 2206 1071 2275 οὐδὲ
1085 2236 1111 2278 ιε

62 2315 227 2382 ἀθάνατοι
255 2311 335 2380 οὐδὲ
362 2314 587 2400 τεθνήξεσθε’.
631 2317 668 2381 τὸ
697 2316 778 2382 αὐτὸ
807 2311 870 2382 οὖν
892 2315 947 2381 καλ
970 2317 1073 2381 λυτὸν

62 2424 155 2486 ἔσται
178 2420 247 2486 κατ’
271 2420 423 2486 ἐπίνοιαν
445 2420 500 2486 καὶ
524 2421 565 2487 ού
589 2423 692 2487 λυτὸν
714 2421 784 2487 κατ’
808 2422 960 2488 ἐτίνοιαν
978 2421 1071 2507 καὶὴ

62 2526 241 2612 ἀντίφασις
270 2528 523 2611 συναληθεύσει.
569 2529 599 2593 εί
629 2524 692 2593 οὖν
721 2530 859 2612 ἠλίθιον
888 2537 987 2594 τοῦτο
1017 2527 1073 2594 καὶ

61 2632 264 2718 ἀδιανόητον
294 2635 331 2698 τὸ
364 2634 444 2700 αὐτὸ
476 2633 587 2718 λέγειν
617 2633 672 2699 καὶ
704 2634 910 2700 ἀναλύεσθαι
946 2635 993 2712 είς
1028 2636 1068 2700 τά

61 2739 150 2806 ἀντλᾶ
176 2737 245 2805 καί
273 2739 425 2806 ἐτίνοιαν
451 2739 506 2805 καὶ
533 2743 576 2825 μὴ
605 2738 820 2828 ἀναλλύεσθαι
843 2739 913 2805 κατ’
937 2740 1004 2805 ἐκί-
1023 2757 1120 2799 somn

60 2870 175 2930 νοιαν,
207 2847 363 2931 δηλονότι
398 2848 482 2912 λντά
512 2845 568 2912 καὶ
599 2849 709 2931 θνητὰ
741 2848 781 2912 ού
813 2845 882 2912 κατ’
918 2846 1070 2913 ἐτίνοιαν
1083 2874 1109 2914 ιι

63 2951 147 3017 ἀλλά
170 2954 380 3037 κατὰφύσιν
403 2948 492 3018 είναί
512 2970 617 3037 φησιν
639 2956 679 3018 τά
698 2954 848 3039 οὐράνια.
893 2951 963 3016 ἀλλ’
987 2954 1072 3019 ἐττει-

61 3059 182 3145 θηκερ,
212 3061 242 3124 εί
273 3057 328 3124 καί
359 3061 513 3143 τοιαύτης
545 3063 664 3145 ἔλαχον
692 3061 839 3144 φύσεως,
872 3059 960 3143 ὅμως
987 3069 1072 3144 γοῦν

60 3165 154 3230 δοκεῖ
178 3166 334 3231 Πλάτωνι
363 3165 531 3250 διαμένειν
560 3167 644 3231 αὐτὰ
671 3167 719 3243 είς
745 3167 783 3231 τὸ
807 3162 957 3249 διηνεκὲς
979 3166 1072 3232 ἀδιά-

60 3274 146 3336 λυτα
168 3269 224 3336 καὶ
247 3271 399 3336 ἀθάνατα
421 3272 462 3337 ού
485 3280 532 3360 τῷ
551 3280 684 3360 φυσικῷ
703 3273 814 3359 δεσμῷ
833 3271 916 3336 ἀλλά
933 3281 972 3358 τη
990 3275 1070 3355 βου·
1085 3296 1111 3338 ω

60 3381 156 3462 λήσει
183 3387 244 3442 τοῦ
267 3384 352 3443 θεοῦ
375 3381 590 3463 συνεχόμενα,
610 3379 667 3443 διὰ
683 3381 783 3444 τοῦτό
802 3395 908 3463 φησιν
925 3379 969 3462 μὴ
987 3379 1072 3463 κάμ-

60 3506 128 3548 παν
161 3479 248 3549 εἶναι
276 3485 380 3549 ἀλυτα
410 3483 465 3549 καὶ
493 3483 646 3549 ἀθάνατα
673 3484 756 3549 ἀλλά
787 3486 896 3568 θνητά
927 3480 989 3569 μὲν
1015 3482 1071 3548 καὶ

59 3591 145 3656 λυτά
173 3590 254 3655 ὅσον
281 3588 335 3655 ἐπὶ
361 3600 400 3676 τη
428 3592 530 3674 φύσει
557 3601 597 3676 τη
625 3589 753 3656 ἑαυτῶν
781 3591 838 3655 διὰ
864 3591 901 3655 τὸ
925 3592 986 3674 τὴν
1009 3607 1072 3655 σω-

132 3857 157 3910 6.
174 3851 346 3918 λυθήσεσθαι
361 3854 399 3925 μ]
412 3856 573 3926 λυθησεσθε
592 3856 637 3914 Mt
693 3857 764 3933 μήτε
784 3857 963 3931 τεύξεσθαῆ
978 3875 1021 3927 ναι
1037 3871 1104 3908 '‘2¹0-

49 3924 136 3984 ξεσθε
149 3920 187 3970 Μ
250 3926 291 3974 10.
312 3928 411 3978 εσεσθε
428 3926 462 3981 Μ
535 3936 580 3988 14,
603 3941 875 4011 σνμφοραζομενον
891 3933 930 3989 M.

895 4025 955 4083 15·
