2394 4208
10 39 840 339 -
937 109 945 127 ι

922 135 932 154 S

63 544 131 598 113.
145 545 176 616 4]
342 544 390 598 DE
409 545 665 600 AETERNITATE
683 546 805 600 MVNDI
1035 548 1078 612 35

63 709 186 772 τούτου
210 705 248 773 δί
271 709 377 785 οὕτως
401 711 534 793 ἔχοντος
558 712 788 792 συμβεβηκότα
805 708 861 774 καί
880 709 942 774 οὐκ
962 710 1078 787 οὐσίας

64 816 124 891 τάς
147 812 237 891 ἰδέας
259 813 314 879 καί
337 816 397 879 τὸν
419 817 546 898 κόσμον
570 811 655 879 εἶναι
679 814 814 899 ἀνάγκη.
852 814 922 880 ἀλλ’
945 816 1077 881 ὑπόκει-

64 945 119 985 ται
143 921 260 997 οὐσίας
283 922 384 998 αὐτάς
407 917 504 1004 εἶναι,
527 920 582 986 καί
606 921 624 986 6
648 924 771 1006 κόσμος
795 919 832 986 δί
856 922 955 987 οὐσιά
974 921 1077 987 ἐστίν·

62 1027 126 1091 οὐκ
149 1029 213 1112 ἀρα
233 1029 237 1110 ἰ
258 1038 326 1092 τῶν
343 1031 426 1114 πρός
444 1032 479 1092 τί
495 1029 590 1092 εἰσιν.
636 1031 682 1092 ἔτι
702 1030 741 1092 τὰ
755 1030 839 1113 πρός
857 1052 887 1092 τι
903 1028 968 1092 ὑπὸ
983 1031 1130 1097 τάριιιν.

62 1134 285 1218 ἀντικείμενα,
303 1135 443 1218 οὐδεμία
457 1131 495 1198 δί
514 1134 613 1198 οὐσία
631 1133 696 1198 ὑπὸ
715 1136 755 1198 τά
769 1134 991 1218 ἀντικείμενα·
1015 1135 1076 1199 οὐκ
1103 1161 1116 1202 ι

62 1243 128 1321 ἀρα
157 1251 226 1304 τῶν
253 1243 336 1326 πρός
359 1264 390 1304 τι
414 1242 448 1305 αἰ
472 1241 592 1305 οὐσίαι.
638 1242 677 1304 τά
700 1237 738 1305 δί
761 1242 832 1325 εἰδη
862 1241 987 1306 οὐσίαι·
1016 1243 1077 1306 οὐκ

63 1349 129 1428 ἀρα
150 1359 219 1412 τῶν
240 1349 324 1434 πρός
343 1371 374 1411 τι
393 1349 433 1411 τά
452 1348 533 1431 εἰδη.
570 1348 608 1410 τὸ
627 1344 665 1411 δὲ
683 1348 890 1431 παράδειγμα
908 1358 975 1411 τῶν
993 1351 1077 1434 πρός

63 1478 105 1536 τι,
128 1455 173 1531 ὡς
197 1461 323 1538 εἰρηται
347 1453 445 1539 (πρὸς
469 1455 584 1518 εἰκόνα
606 1455 668 1539 γάρ
692 1455 729 1517 τὸ
752 1454 988 1540 παράδειγμα)·
1015 1455 1076 1519 οὐκ

63 1563 127 1644 ἀρα
151 1559 189 1625 ἐν
215 1563 322 1647 τούτῳ
345 1561 383 1624 τὸ
411 1555 497 1624 εἶναι
527 1562 640 1644 ἔχουσι
668 1561 707 1624 τά
735 1561 805 1642 εἰδη
835 1560 872 1624 ἐν
899 1569 945 1647 τῷ
973 1584 1076 1647 παρα-

62 1668 224 1750 δείγματα
254 1662 349 1731 εἶναι.
395 1664 521 1730 οὐκοῦν
549 1664 690 1748 ἀνάγκη,
719 1671 809 1751 εἰπερ
838 1665 924 1730 εἰσὶν
952 1669 1075 1751 οὐσίαι,
1090 1695 1116 1733 ιο

62 1771 132 1837 κατ’
156 1775 237 1838 ἄλλο
260 1771 323 1856 μέν
345 1796 375 1836 τι
399 1771 514 1848 αὐταῖς
537 1772 698 1857 ὑπάρχειν
721 1773 758 1835 τὸ
783 1766 879 1855 εἰναι,
902 1771 970 1836 κατ’
995 1776 1075 1839 ἀλλο

67 1876 107 1943 δὲ
130 1881 166 1943 τὸ
188 1879 463 1970 παραδείγμασιν,
477 1873 571 1943 εἶναι.

133 1983 172 2050 δ’.
186 1986 230 2051 Εἰ
249 1981 287 2049 δί
305 1986 349 2069 μὴ
369 1983 406 2048 ἐν
423 1992 470 2072 τηῖ
489 1979 575 2049 εἰναι
594 1986 841 2069 παραδείγματα
859 1986 896 2048 τὸ
916 1981 1002 2050 εἶναι
1021 1985 1076 2051 καί

60 2095 124 2176 τὴν
145 2093 332 2157 ὑπόστασιν
355 2094 492 2175 ἔχουσιν
513 2091 554 2156 τά
577 2091 664 2174 εἰδη,
692 2090 753 2155 οὐκ
778 2093 841 2176 ἀρα
869 2090 994 2176 ἀνάγκη
1018 2103 1076 2177 τῆς

61 2198 163 2282 λδεάς,
189 2199 274 2284 πρὸς
297 2199 340 2282 ἣν
363 2197 381 2262 6
404 2199 528 2281 κόσμος
550 2195 703 2280 γέγονεν,
732 2199 870 2262 αἰωνίου
895 2199 997 2282 οὔσης
1019 2199 1074 2265 καί
1088 2224 1114 2264 15

60 2308 121 2370 τὸν
143 2307 272 2389 κόσμον
295 2302 346 2369 ἀεί
370 2299 469 2369 εἰναι·
493 2304 537 2380 ὡς
560 2304 623 2389 γάρ
647 2313 705 2386 της
726 2308 897 2387 πολιτικῆς
921 2304 1075 2389 εὐδαιμο-

60 2416 135 2489 νίας
167 2413 375 2498 παράδειγμα
407 2406 492 2475 εἶναι
526 2410 586 2475 τὸν
617 2409 766 2495 οὐρανόν
797 2429 901 2494 φησιν
931 2410 986 2476 καί
1016 2414 1075 2476 τὸν

60 2521 190 2602 κόσμον
212 2518 231 2584 6
257 2520 399 2582 Πλάτων
421 2515 476 2582 καί
502 2517 585 2602 πρὸς
612 2517 674 2599 τὴν
701 2515 738 2580 ἐν
765 2519 871 2604 τούτῳ
900 2516 993 2594 τάξιν
1016 2520 1076 2582 τὸν

60 2628 168 2701 ὄντως
199 2625 373 2689 πολιτικὸν
405 2621 635 2705 ἀποβλέποντα
667 2623 753 2688 οὕτω
788 2626 829 2688 τά
860 2634 918 2708 τῆς
948 2626 1075 2701 πόλεως

58 2732 236 2815 πράγματα
250 2730 484 2795 διατάττεσθαι
498 2733 564 2811 καί,
583 2727 694 2812 ἐπειδὴ
713 2731 757 2813 μὴ
778 2729 815 2795 ἐν
832 2733 938 2818 τούτῳ
954 2730 1073 2795 οὐσίω-
1088 2757 1115 2800 ιο

59 2861 113 2902 ται
137 2837 156 2903 6
180 2837 327 2923 οὐρανὸς
350 2835 387 2900 ἐν
409 2843 455 2923 τῷ
478 2831 565 2899 εἶναι
589 2845 646 2919 της
666 2839 836 2921 πολιτικῆς
860 2837 1075 2920 εὐδαιμονίας

60 2946 281 3030 παράδειγμα,
305 2942 373 3007 οὐκ·
390 2941 514 3025 ἀνάγκη
539 2941 642 3024 οὐσης
665 2951 723 3024 τῆς
747 2940 847 3027 ἐντῷ
867 2941 1000 3029 οὐρανῷ
1019 2944 1073 3007 τά-

58 3053 140 3130 ξεως
164 3050 271 3126 εὐθὺς
293 3045 380 3113 εἶναι
402 3047 457 3113 καί
479 3049 541 3131 τὴν
563 3049 684 3130 ταύτης
702 3049 825 3127 εἰκόνα,
848 3047 932 3130 λέγω
953 3050 993 3132 δὴ
1013 3052 1074 3133 τὴν

59 3159 246 3242 εὐδαίμονα
267 3158 378 3236 πόλιν,
401 3155 488 3220 οὕτω
512 3155 632 3238 δήπου,
655 3155 684 3218 εἰ
707 3152 762 3217 καί
784 3155 918 3218 αἰώνιοί
934 3157 1020 3220 εἰσιν
1039 3157 1073 3219 αἰ

59 3264 158 3348 ἰδέαι,
187 3261 258 3328 ἐπεὶ
280 3263 324 3346 μὴ
349 3260 514 3348 ἐντούτῳ
543 3259 633 3325 ἰστίν
656 3259 771 3336 αὐταῖς
794 3261 830 3323 τὸ
858 3256 943 3326 εἰναι
968 3261 1004 3325 ἐν
1027 3270 1073 3348 τῷ
1087 3288 1113 3328 ιι

58 3372 327 3456 παραδείγμασιν
349 3363 447 3448 εἶναι,
470 3374 561 3452 είιιερ
584 3368 627 3450 μὴ
651 3377 718 3431 τῶν
738 3369 822 3452 πρός
840 3371 875 3432 τί
891 3370 977 3432 εἰσιν
996 3365 1067 3430 ἀλλ’

59 3479 190 3562 οὐσίαι,
220 3476 289 3540 οὐκΙ
310 3473 436 3558 ἀνάγκη
463 3475 594 3550 πάντας
621 3472 676 3538 καί
703 3475 761 3549 τὰς
787 3476 915 3538 τούτων
943 3475 1073 3550 εἰκόνας

60 3583 134 3669 (τὰς
161 3583 324 3666 αἰσθητάς
347 3579 447 3666 λέγω)
471 3578 522 3644 ἀεί
545 3580 662 3655 οὐσίας
685 3574 785 3644 εἶναι·
816 3581 853 3643 τὸ
882 3581 944 3663 γὰρ
973 3579 1072 3664 ἀναγ-

87 3852 157 3936 0⁸·
175 3862 239 3915 pag.
255 3850 295 3911 33,
311 3851 346 3897 2⁶
421 3850 461 3898 16.
483 3846 704 3973 ενιᾳαιίμονιας,
725 3866 761 3907 ex
781 3870 805 3924 ε,
822 3852 856 3908 M
942 3856 991 3908 U.
1011 3849 1104 3918 οὐρα-

59 3918 123 3983 m]
134 3918 287 3977 Mem?
302 3913 336 3963 M
403 3920 444 3969 18.
465 3915 500 3972 cf.
543 3917 597 3979 lat,
618 3940 691 4000 νειμ.
714 3925 756 3984 IX
777 3930 873 3988 59⁶2ss

910 4025 947 4079 2⁸
