2348 4290
19 571 26 577 .
61 519 141 573 xvn
154 521 218 592 αι]
325 521 374 576 DE
392 518 649 607 ιυυυααιυιυυ
667 520 790 577 mm
1003 522 1069 586 599

60 688 141 750 σίαν
168 687 392 770 χαριζόμενον,
420 685 586 769 οἰχήσεται
612 684 743 761 πάντως
769 682 890 751 ἑαυτὸν
919 684 1072 769 συνέχειν

61 791 98 868 ἐς
128 789 177 855 ἀεὶ
208 792 250 874 μή
283 791 475 874 δυνάμενος.
521 790 619 874 ὥστε,
647 786 710 854 κάν
737 787 816 877 λίγη
843 792 998 875 Πλάτων,
1028 793 1073 869 ὡς

60 899 103 960 τά
129 896 194 961 ὑπὸ
222 905 282 961 τοῦ
311 897 517 982 δημιουργοῦ
545 898 705 980 γινόμενα
728 895 879 962 ἀθάνατά
902 895 1071 963 ἔστινκαὶ

62 1003 255 1089 ἀνώλεθρα,
282 1011 329 1090 τῷ
357 1001 516 1090 εἰρημένῳ
544 1000 649 1087 φησὶν
676 1005 786 1091 τρόπῳ
814 1002 966 1069 ἀθάνατα
989 1005 1072 1069 αὐτὰ

61 1109 243 1194 διαμένειν,
267 1110 353 1174 διότι
376 1112 466 1197 μόνφ
485 1117 532 1196 τῷ
550 1111 735 1192 βούλεσθαι
755 1109 1013 1197 διακρατοῦντος
1030 1112 1067 1175 τὸ
1096 1136 1110 1176 5

61 1226 130 1281 πᾶν
151 1225 212 1280 τοῦ
232 1216 537 1301 δημιουργήσαντος
556 1214 681 1299 ἀνάγκη
700 1225 789 1281 πᾶσα
805 1225 864 1300 τῆς
882 1219 1071 1301 βουλήσεως

62 1322 221 1406 ἀκινήτου
249 1323 413 1406 μενούσης
440 1321 494 1387 καὶ
525 1321 608 1387 αὐτά
630 1320 744 1406 μένειν
766 1321 919 1388 ἀθάνατα
942 1322 1070 1407 ἐπίκτη-

64 1453 122 1493 τον
145 1428 180 1493 ἑκ
203 1439 260 1512 της
283 1431 473 1512 βουλήσεως
495 1437 555 1492 τοῦ
578 1434 663 1493 θεοῦ
686 1425 741 1492 καὶ
765 1427 827 1493 οὐκ
850 1427 885 1493 ἐκ
907 1438 965 1512 τῆς
984 1430 1072 1506 ἰδίας
1115 1450 1117 1455 ·

62 1536 195 1619 φύσεως
222 1535 259 1599 τὸ
289 1533 460 1599 ἀθάνατον
488 1537 612 1617 ἔχοντα
657 1543 761 1599 ταῦτα
788 1531 825 1599 δὲ
851 1535 938 1600 οὕτω
962 1534 1071 1618 λέγειν

61 1642 147 1726 ἡμᾶς
176 1642 237 1724 τήν
267 1641 447 1717 Πλάτωνος
478 1639 720 1724 ἐξηγουμένους
749 1641 903 1727 διάνοιαν
933 1640 1070 1726 ἀνάγκη,
1085 1666 1111 1706 ιο

62 1750 93 1813 εί
115 1749 159 1833 μή
183 1755 229 1834 τῷ
252 1748 324 1811 όντι
348 1748 395 1824 είς
418 1745 598 1830 ἀντίφασιν
625 1747 686 1811 τὸν
709 1748 874 1811 Πλάτωνα
900 1748 1071 1833 περιάγειν

61 1857 283 1938 βουλοίμεθα·
307 1856 397 1937 ἔφθη
420 1854 483 1939 γὰρ
508 1853 611 1918 είπίον
635 1852 810 1919 ’ἀθάνατοι
832 1850 894 1938 μὲν
917 1854 978 1918 οὐκ
1000 1851 1071 1919 ἐστὶ

61 1959 136 2026 οὐδ’
155 1963 270 2024 ἀλυτοι
288 1959 326 2023 τὸ
345 1959 501 2043 πάμπαν.’
536 1970 606 2036 πῶς
625 1954 688 2024 οὖν
706 1959 842 2045 ἐγχωρεῖ
865 1959 974 2043 λέγειν
991 1963 1071 2037 τοὺς

63 2068 188 2144 αὐτοὺς
214 2064 269 2131 καὶ
298 2065 487 2142 ἀθανάτους
515 2061 600 2130 εἶναι
628 2064 683 2130 καὶ
711 2066 773 2130 οῦκ
800 2066 990 2144 ἀθανάτους
1015 2065 1070 2132 καὶ

62 2176 185 2249 λυτοὺς
212 2171 267 2237 καὶ
291 2172 331 2237 οὐ
355 2173 493 2256 λυτοός,
521 2173 551 2237 εί
574 2173 617 2256 μή
641 2173 679 2237 τὸ
702 2169 764 2257 μὲν
785 2182 824 2258 τῇ
848 2173 948 2257 φύσει
971 2174 1008 2237 τὸ
1033 2170 1070 2239 δὲ
1085 2200 1110 2239 ιε

61 2290 101 2367 τη
124 2288 184 2345 τοῦ
207 2285 292 2344 θεοῦ
315 2281 472 2362 βουλήσει
494 2275 691 2364 παρέξομεω

130 2384 168 2451 ε’.
188 2383 321 2462 Ἱκανῶς
339 2381 401 2469 μὲν
424 2379 487 2449 οὖν
509 2379 600 2468 οἶμαι
624 2394 693 2461 τοῖς
713 2382 717 2471 1
738 2385 781 2468 μή
803 2384 910 2472 πάντη
934 2409 989 2470 φι-
1012 2402 1124 2444 τοιιεοι.

62 2496 227 2569 λονείκοις
254 2491 308 2557 καὶ
337 2490 627 2577 ἀπηρυθριακόσιν
655 2491 739 2577 πρὸς
767 2492 829 2574 τήν
858 2491 1020 2576 ἀλήθειαν
1050 2491 1068 2557 ὁ

62 2602 163 2682 λόγος
193 2596 372 2682 ἀπέδειξεν,
403 2597 448 2673 ὡς
477 2598 554 2662 οὔτε
582 2607 650 2662 πᾶν
681 2597 792 2674 ἁπλῶς
822 2598 860 2662 τδ
892 2600 1070 2685 ἄφθαρτον

60 2704 224 2789 ἀγένητον
255 2702 340 2787 ἀλλ’,
372 2709 462 2789 είπερ
496 2705 574 2790 ἀρα,
605 2705 642 2769 τὸ
676 2705 791 2788 φύσει,
821 2705 898 2769 οὔτε
926 2706 1069 2769 Πλάτων
1082 2731 1109 2771 ω

61 2813 163 2895 φύσει
200 2813 377 2897 ἀφθάρτου
413 2805 498 2875 εἶναι
534 2811 594 2875 τὸν
629 2813 755 2895 κόσμον
786 2817 889 2875 οίεται
921 2809 976 2876 καὶ
1013 2811 1069 2876 διὰ

60 2928 160 2983 τοῦτο
180 2915 259 2983 οὐδὲ
283 2916 452 3001 ἀγένητον.
498 2917 528 2981 ελ
551 2913 588 2981 δὲ
612 2917 664 2982 δεί
685 2915 740 2982 καὶ
762 2921 958 3004 μαρτυρίαις
981 2915 1068 2994 ἀξιο-

60 3029 188 3090 πίστων
211 3024 344 3110 ἀνδρῶν
366 3025 545 3106 βεβαιῶσαι
568 3024 628 3088 τὸν
651 3027 763 3108 λόγον,
782 3029 816 3088 εί
830 3047 873 3112 τφ
893 3025 986 3088 δοκεί
1005 3026 1068 3088 Γα-

61 3133 162 3215 ληνὸς
185 3129 371 3208 ἀξιόπιστος
394 3124 480 3194 εἶναι
503 3130 631 3193 τούτων
653 3131 794 3215 μάρτυς,
813 3128 896 3215 ἀνὴρ
920 3132 1068 3214 φυσικά·

59 3239 158 3314 τατός
189 3260 224 3302 τε
256 3235 310 3301 καὶ
343 3231 445 3300 οὐδὲν
480 3230 580 3319 ήττον
611 3245 668 3320 τῆς
701 3235 788 3312 ἰδίας
819 3234 997 3321 ἐπιστήμης
1028 3238 1068 3300 τά
1081 3261 1108 3303 ιτ

60 3345 143 3409 κατά
171 3345 376 3427 φιλοσοφίαν
402 3343 594 3427 ήκριβωκὼς
623 3343 835 3426 θεωρήματα,
864 3346 990 3429 παρίτω
1020 3350 1066 3429 τῷ

134 3576 174 3625 12.
194 3571 309 3641 εφθήηή,
328 3585 361 3623 ex
381 3588 418 3636 ει,
437 3569 466 3622 Μ
549 3567 621 3623 Plat.
641 3568 711 3622 Tim.
730 3569 792 3622 4113
880 3574 921 3622 13.
941 3587 1066 3639 εγχωρει-

60 3643 133 3712 νεήσ
151 3643 233 3712 eras]
252 3659 328 3708 τους,
347 3639 377 3694 in
395 3656 481 3709 marg.
501 3643 598 3709 λεγειν,
617 3639 646 3692 Μ
736 3645 778 3694 15.
797 3643 877 3702 λυτος
892 3671 924 3680 ·-
939 3643 1018 3701 λυτος
1036 3640 1065 3693 Μ

60 3715 108 3782 (cr.
127 3715 141 3766 t
158 3715 187 3767 et
206 3744 239 3752 —
258 3728 391 3781 supersor.
411 3729 439 3764 m
460 3718 473 3764 1
494 3742 528 3751 -
546 3712 575 3780 p)
652 3715 693 3764 23.
713 3711 742 3763 M
760 3729 788 3764 m
808 3717 821 3764 1
842 3710 878 3765 ad
897 3710 922 3766 εί
939 3731 988 3764 τωι
1007 3714 1065 3765 not.

60 3835 160 3888 marga
180 3837 240 3873 αντι
260 3837 310 3872 του
329 3791 414 3872 ῐβίτινι
486 3821 580 3872 2324.
599 3819 712 3887 γαλινος
726 3816 758 3870 Μ
830 3822 872 3871 24.
892 3817 1022 3888 [τῙουτων
1036 3817 1065 3869 Μ

132 3895 166 3943 26
180 3906 220 3956 sq.
240 3889 572 3960 παρειτω-ημετήερήωι
590 3888 619 3941 Μ
