2394 4208
53 512 93 566 1v
109 514 137 585 ι]
327 511 376 567 ου
394 511 652 568 mmmm
671 513 794 569 mm
1028 513 1070 577 73

55 670 159 752 εἶδος·
186 669 276 759 εἶχεν
302 676 366 760 γὰρ
393 677 455 759 τήν
481 684 539 760 τῆς
564 677 752 760 αἰσθήσεως
779 674 863 761 ἕξιν,
891 677 921 742 εί
948 674 1003 742 καί
1026 678 1071 761 μή

56 781 174 867 ἐνεργῇ
203 779 273 846 κατ’
302 781 415 866 αὐτήν.
460 785 561 860 ἄλλος
593 776 671 867 οὖν,
704 787 818 868 φησίν,
849 785 939 868 παρὰ
968 792 1072 849 ταῦτα

55 891 178 974 τρόπος
201 886 294 953 ἐστίν
320 898 378 972 τῇς
399 888 550 974 προόδου
573 899 631 973 τής
651 890 656 972 Ι
677 887 844 976 ἐνεργείας
867 888 931 954 ἀπὸ
955 899 1094 973 τήςεουῑ

56 993 163 1072 ἕξεως.
208 996 311 1060 πάλιν
334 993 364 1060 δ’
387 994 406 1060 ὁ
430 995 531 1072 αὐτὸς
548 994 616 1079 μετ’
640 994 738 1079 ὀλίγα
756 999 861 1081 φησίν
879 994 1013 1082 (ἵναμή
1032 997 1073 1060 τὰ

56 1099 180 1185 μεταξὺ
201 1099 442 1186 παρατιθέντες
464 1102 663 1185 μηκύνωμεν
686 1100 880 1189 τὸνλόγον)
904 1101 1073 1185 ζθεωροῦν
1099 1128 1108 1168 ε

54 1209 118 1290 γὰρ
143 1210 271 1290 γίνεται
294 1209 331 1272 τὸ
355 1210 434 1293 ἔχον
455 1208 518 1291 τήν
540 1206 732 1292 ἐπιστήμην,
756 1208 836 1294 ὅπερ
858 1207 879 1291 ἢ
900 1207 962 1274 οὐκ
981 1182 1073 1276 §aab

55 1313 281 1380 ἀλλοιοῦσθαι
305 1315 419 1391 -είς
445 1313 527 1379 αὐτὸ
555 1315 619 1398 γὰρ
646 1313 668 1397 ή
692 1313 841 1392 ἐπίδοσις
867 1313 923 1380 καὶ
949 1315 997 1392 είς
1020 1313 1036 1379 ἐ
1058 1356 1071 1364 -

55 1418 223 1505 τελέχειαν
237 1420 315 1504 -ή
334 1419 450 1507 ἕτερον
465 1419 562 1505 γένος
581 1420 795 1498 ἀλλοιώσεως.
833 1421 887 1486 διὸ
907 1421 948 1487 οὐ
962 1425 1071 1499 καλῶς

55 1529 121 1610 ἔχει
155 1525 267 1611 λέγειν
298 1528 335 1592 τὸ
368 1535 536 1613 φρονοῦν,
570 1526 651 1592 ὅταν
681 1536 806 1613 φρονῇ,
838 1526 1071 1610 ἀλλοιοῦσθαι,

54 1633 165 1716 ὥσπερ
199 1630 280 1699 οὐδὲ
312 1635 349 1698 τὸ
384 1634 603 1718 οἰκοδομοῦν,
640 1633 721 1698 ὅταν
758 1633 939 1718 οἰκοδομῇ.
994 1634 1070 1699 ίδοῦ
1084 1660 1112 1700 ιο

56 1748 167 1825 γυμνῇ
190 1748 230 1825 τῇ
254 1741 381 1826 γλώττη
409 1743 528 1825 φησίν,
557 1739 608 1805 ὅτι
636 1741 673 1804 τὸ
702 1747 870 1825 φρονοῦν,
898 1737 1071 1804 τουτέστιν

57 1846 98 1909 τὸ
122 1842 197 1910 καθ’
220 1845 291 1923 ἕξιν
308 1847 370 1930 τήν
393 1845 575 1932 ἐπιστήμην
598 1850 690 1932 ἔχον,
718 1845 800 1911 ὅταν
822 1855 948 1931 φρονῇ,
975 1868 1070 1909 τουτ-

54 1950 150 2016 έστιν
177 1951 257 2017 ὅταν
284 1953 347 2037 τήν
373 1952 557 2038 ἐπιστήμην
583 1957 847 2039 προχειρίσηται,
876 1951 937 2018 οὐκ
960 1951 1070 2016 ἄλλοι·

55 2066 152 2124 οῦται
180 2056 260 2124 οὐδὲ
287 2064 396 2137 καλῶς
421 2062 487 2145 ἔχει
515 2061 552 2124 τὸ
579 2069 713 2125 τοιοῦτο
742 2060 923 2125 ἀλλοίωσιν
950 2057 1071 2143 ὀνομά-

60 2169 137 2244 ζειν·
166 2163 332 2250 οὐδὲγὰρ
360 2169 524 2251 μεταβολή
552 2190 602 2243 τις
629 2165 662 2244 ἐξ
690 2167 802 2244 είδους
830 2167 878 2244 είς
904 2161 995 2243 εἶδος
1017 2164 1111 2249 γέ-ιε

69 2294 167 2354 υνεν,
192 2272 272 2356 ὅπερ
297 2270 351 2337 ἐπὶ
373 2273 480 2356 πάσης
503 2272 710 2350 ἀλλοιώσεως
733 2271 788 2338 καὶ
809 2276 969 2357 κινήσεως
988 2289 1069 2356 συμ-

73 2382 175 2461 ἀίνει,
200 2378 283 2443 ἀλλὰ
305 2382 413 2463 μόνον
433 2377 622 2465 φανέρωσις
640 2389 699 2463 τῆς
717 2378 822 2457 ἕξεως.
867 2388 966 2444 τοῦτο
985 2386 1071 2462 γοῦν

81 2483 138 2550 ιἰτὸ
161 2485 414 2565 κατασκευάζων
437 2483 698 2572 ὁἈριστοτέλης
720 2484 930 2570 προσέθηκεν
952 2486 990 2549 τὸ
1010 2483 1070 2561 ‘sig

87 2590 138 2656 'nb
162 2593 224 2676 γὰρ
248 2593 269 2676 ή
293 2591 442 2669 ε’πίθοσις
468 2591 524 2657 καὶ
547 2593 595 2670 είς
620 2590 846 2677 ἐντελέχειαν,
874 2591 954 2676 ὅπερ
979 2588 1070 2655 ἐστὶν

94 2697 225 2775 τόδειξις
248 2697 491 2782 ἀναμφίλεκτος
514 2707 574 2764 τοῦ
592 2700 637 2782 μή
658 2694 743 2763 εἶναι
762 2700 823 2782 τήν
841 2696 877 2762 ἐκ
896 2706 953 2780 τής
971 2694 1069 2774 ἕξεως
1083 2719 1110 2761 ιο

101 2827 114 2880 ς
144 2803 312 2890 ἐνεργείας
338 2808 547 2891 προχείρισιν
574 2804 768 2870 ἀλλοίωσιν·
800 2805 829 2868 εί
862 2805 924 2887 γὰρ
956 2802 976 2886 ἡ
1008 2797 1071 2886 μὲν

106 2913 244 2991 λοίωσις,
267 2911 312 2988 ὡς
335 2917 472 2996 είρηται,
496 2909 528 2988 ἐξ
553 2912 656 2976 ίίλλου
680 2911 793 2987 είδονς
812 2906 903 2974 ἐστὶν
921 2909 969 2986 είς
986 2911 1068 2974 ἄλλο

114 3040 147 3093 ος
169 3018 333 3100 μεταβολή
361 3016 591 3104 φθειρομένου
618 3013 681 3102 μὲν
707 3025 768 3081 τοῦ
790 3014 954 3101 προτέρου
978 3039 1069 3099 γινο-

121 3146 160 3188 ου
185 3119 222 3187 δὲ
245 3132 305 3187 τοῦ
329 3122 504 3207 δευτέρου,
533 3124 569 3187 τὸ
599 3120 636 3188 δὲ
660 3124 707 3199 είς
731 3123 793 3206 τήν
816 3119 986 3206 ἐνέργειαν
1009 3123 1070 3205 τήν

127 3238 178 3294 τοῦ
209 3230 330 3313 προϊὸν
358 3229 419 3295 οὐκ
447 3231 495 3307 είς
522 3228 636 3315 ἕτερον
664 3227 734 3293 ἀλλ’
762 3229 810 3305 είς
838 3225 935 3293 ἑαυτὸ
964 3226 1069 3292 ἐπιδί-
1083 3252 1110 3293 ιε

134 3360 162 3400 ιν
185 3336 222 3400 τὸ
246 3335 327 3400 αὐτὸ
350 3335 464 3421 μένον,
488 3338 596 3420 μόνον
618 3332 655 3401 δὲ
678 3345 735 3419 τής
757 3332 855 3413 ἕξεως
877 3333 1071 3420 φανέρωσιν

140 3451 184 3526 ῆς
203 3440 371 3525 ἐνεργείας
388 3444 603 3527 ποιούμενον,
622 3442 685 3507 οῦκ
704 3443 767 3525 ἄρα
783 3439 960 3517 ἀλλοίωσις
979 3438 1070 3504 έστιν

150 3581 282 3706 ,Qum
373 3588 397 3635 ὁ.
416 3581 501 3637 Arist.
522 3582 557 3636 de
577 3579 866 3669 gn.85·p.417b5
958 3584 1068 3659 6,επη-

153 3674 163 3703 ι
280 3658 320 3707 10.
340 3651 407 3707 οῦδὲ
425 3654 475 3708 τὸν
493 3654 644 3721 οἰκοδομον
656 3652 742 3704 Anat.
816 3654 880 3719 post
899 3647 967 3704 ὅταν
985 3648 1069 3704 Ihtt.

234 3766 275 3813 11.
296 3744 369 3827 γηίη
389 3758 420 3811 Μ
507 3764 547 3813 17.
566 3758 685 3835 μονήοήν
708 3757 737 3816 Μ
831 3764 877 3818 21.
896 3776 1089 3835 προηειρησιν

168 3846 241 3960 ,Ἥ
261 3829 358 3892 θϊιλΜ
410 3829 481 3896 ήει
498 3849 522 3885 ει
542 3831 575 3886 Μ
650 3840 694 3893 22.
715 3842 884 3912 ροςῧίῌ)
962 3840 1105 3894 Ἀπαι-
