2394 4208
90 556 128 615 τι
141 558 172 632 ο]
354 557 404 613 οε
422 557 685 615 mmmm
705 558 828 615 mm
1044 560 1105 625 151

93 721 184 807 γένει
207 731 276 787 τῶν
298 721 469 807 ἀγενήτων
491 723 542 806 ὅν,
562 723 591 788 εἰ
613 721 669 788 καὶ
691 724 735 806 μὴ
755 721 916 806 ἀγένητόν
934 720 1032 789 ἐστιν.
1068 724 1107 788 τὸ

93 829 176 895 αὐτὸ
209 830 275 915 ἄρα
306 827 363 894 καὶ
394 828 556 913 ἀγένητον
588 832 680 895 ἔσται
713 830 769 894 θιολ
800 831 838 894 τὸ
870 829 908 895 έν
939 837 986 917 τῷ
1018 829 1108 914 γένει

92 948 163 1002 τῶν
188 934 360 1022 ἄγενήτων
387 931 473 1001 εἶναι
500 934 556 1002 καὶ
583 936 646 1001 οὐκ
673 935 835 1021 ἀγένητον
861 937 963 1001 πάλιν
991 938 1107 1002 διὰτὸ

90 1042 280 1130 γεγονέναι·
309 1043 330 1127 ἡ
360 1041 538 1127 ἀντίφασις
567 1045 632 1130 ἄρα
661 1043 715 1109 ἐπὶ
744 1053 805 1109 τοῦ
820 1044 937 1110 ἀὐτοῦ
964 1045 1047 1108 κατὰ
1068 1045 1106 1109 τὸ

90 1151 175 1218 αὐτὸ
205 1151 273 1235 ἅμα
304 1152 558 1234 συναληθεύσει.
608 1147 679 1216 ἀλλ’
708 1147 800 1235 οἶμαι
828 1160 932 1217 ταῦτα
963 1149 1106 1235 γέλωτος
1133 1175 1147 1218 ε

89 1261 220 1344 μᾶλλον
245 1255 267 1341 ἦ
295 1255 486 1341 ἀντιλογίας
513 1253 600 1322 εἶναι
628 1255 716 1334 ἄξια·
744 1258 799 1323 καὶ
826 1260 890 1342 γὰρ
918 1258 955 1323 τὸ
978 1258 1045 1323 ὑπὸ
1068 1259 1106 1323 τὸ

87 1364 232 1450 κέντρον
254 1373 349 1448 σῶμα
371 1362 409 1429 ἐν
430 1371 477 1452 τῷ
496 1362 586 1448 γένει
603 1374 672 1429 τῶν
691 1364 820 1449 ὁρατῶν
839 1363 880 1428 ὂν
899 1364 1022 1450 ὁρατόν
1039 1386 1106 1431 που

87 1473 222 1549 πάντως
248 1472 331 1535 κατὰ
358 1471 464 1554 φύσιν
492 1473 595 1536 ἔσται·
622 1469 686 1535 κᾶν
713 1472 776 1556 γὰρ
800 1470 962 1554 μηδέποτε
986 1471 1106 1558 ὁραθηῑ,

87 1579 133 1646 οὐ
156 1578 268 1644 διὰτὸ
293 1579 337 1662 μὴ
359 1576 545 1662 πεφυκέναι
569 1578 713 1663 ὁρᾶσθαι
733 1577 795 1662 οὐχ
813 1576 929 1663 ὁρᾶται
948 1578 1031 1643 ἄλλα
1050 1581 1106 1644 διὰ

85 1687 131 1752 τὰ
157 1684 431 1771 ἐπιπροσθοῦντα
458 1687 575 1771 στερεὰ
601 1686 748 1768 σώματα·
776 1685 934 1749 διαδῦναι
961 1686 1025 1770 γὰρ
1049 1686 1106 1750 διὰ
1119 1709 1146 1750 ιο

85 1804 159 1859 τῶν
186 1793 232 1876 μη
262 1792 439 1876 διαφανῶν
467 1791 488 1875 ἡ
517 1791 659 1876 ἡμετέρα
686 1793 763 1869 ὄψις
786 1791 827 1857 οὐ
851 1792 1006 1874 δύναται,
1035 1790 1109 1856 ε’πεί

85 1903 145 1967 τοί
165 1922 214 1984 γε,
237 1900 267 1965 εί
289 1900 330 1963 τὰ
352 1898 626 1985 ἐπιπροσθοῦντα
649 1897 864 1983 ἀφαιρεθείη,
888 1897 1012 1981 ὁμοίως
1034 1905 1105 1974 τοῖς

85 2011 221 2084 λοιποῖς
248 2007 371 2072 ἅπασιν
398 2002 539 2091 ὁραθείη
568 2003 611 2069 ἂν
637 2009 708 2089 καί,
739 2009 774 2070 εί
799 2005 839 2088 γέ
864 2028 913 2082 τις
940 2005 1024 2068 κατὰ
1044 2004 1105 2068 τὸν

84 2120 203 2200 μῦθον
220 2114 301 2190 τοὺς
319 2111 477 2196 Λυγκέως
496 2111 697 2197 ὀφθαλμοὺς
714 2111 872 2196 ἐκτήσατο
892 2113 937 2188 ὡς
955 2110 1105 2195 “ῥηίθίως

84 2219 143 2288 καί
171 2218 274 2305 νέρθε
301 2221 384 2284 κατὰ
406 2221 532 2304 χθονὸς
555 2218 780 2303 αὐγάζεσθαι’,
808 2214 899 2284 εἶδεν
921 2217 964 2283 biv
986 2216 1042 2283 καὶ
1064 2219 1145 2285 τὰιε

84 2327 154 2394 ’ὑπὸ
183 2327 221 2391 τὸ
250 2322 391 2411 κέντρον
418 2336 476 2410 τῆς
498 2335 560 2410 γῆς
581 2327 800 2411 περιεχόμενα
822 2327 964 2409 σώματα
1009 2327 1104 2409 ὥστε,

86 2436 118 2501 εί
145 2431 203 2498 καὶ
230 2432 249 2498 ὁ
272 2434 396 2516 κόσμος
417 2430 474 2497 καὶ
496 2436 588 2498 ἔστιν
614 2431 684 2497 κατ’
713 2431 883 2519 ἐνέργειαν
908 2430 965 2497 καὶ
992 2431 1030 2496 έν
1056 2441 1104 2521 τῷ

83 2539 177 2627 γένει
205 2548 274 2604 τῶν
299 2549 450 2623 γενητῶν
476 2537 582 2623 ἐστιν,
610 2538 736 2623 ἀνάγκη
764 2540 895 2616 πάντως
922 2538 1026 2603 αὐτὸν
1048 2537 1104 2604 καὶ

83 2644 275 2732 γεγονέναι,
298 2647 329 2712 εί
351 2643 407 2711 καὶ
429 2645 510 2729 ἡμῖν
532 2646 552 2728 η
577 2645 659 2731 ἀρχὴ
682 2655 741 2729 τῆς
760 2645 863 2710 αὐτοῦ
882 2643 1041 2729 γενέσεως
1058 2646 1103 2729 μη

82 2752 337 2821 καταλέλειπται
365 2751 407 2816 οὐ
435 2752 491 2817 θιιλ
518 2752 556 2816 τὸ
580 2753 681 2835 φύσει
705 2748 790 2817 εἶναι
814 2751 917 2816 αὐτὸν
940 2749 1103 2834 ἀγένητον
1116 2774 1144 2815 ιο

82 2858 192 2948 (οὕτω
215 2859 279 2944 γὰρ
303 2855 345 2922 ἂν
369 2855 405 2922 έν
427 2864 474 2946 τῷ
497 2856 587 2940 γένει
610 2868 678 2921 τῶν
700 2855 870 2941 ἀγενήτων
892 2856 948 2922 καὶ
971 2858 1104 2923 οὔτῶν

82 2976 238 3053 γενητῶν
263 2962 427 3051 ὑπῆρχεν)
456 2963 539 3028 ἀλλὰ
568 2964 625 3027 θιὰ
646 2963 684 3027 τὸ
708 2965 815 3045 μόνον
836 2973 905 3027 τῶν
926 2966 1103 3049 παρόντων

82 3074 150 3158 τὴν
178 3069 341 3157 ἡμετέραν
373 3080 499 3154 γνῶσιν
531 3069 844 3152 ἀντιλαμβάνεσθαι.
894 3067 950 3133 καὶ
982 3071 1102 3148 ἄλλως·

82 3179 126 3246 τὸ
148 3174 212 3262 μέν
235 3177 358 3264 ὁρατὸν
380 3177 443 3242 οὐκ
465 3175 503 3242 έν
524 3178 631 3263 τούτῳ
655 3178 721 3260 ἔχει
743 3176 781 3240 τὸ
806 3174 929 3258 ὁρατὸν
951 3171 1038 3241 εἶναι
1065 3176 1103 3241 έν

81 3293 133 3375 τῷ
165 3284 311 3371 ὁρᾶσθαι
341 3281 412 3348 ἀλλ’
441 3281 479 3348 έν
507 3291 553 3371 τῷ
583 3281 768 3367 πεφυκέναι
792 3280 950 3366 ὁρᾶσθαι·
978 3283 1014 3347 τὸ
1038 3283 1101 3368 γὰρ
1115 3305 1143 3348 ιε

81 3392 233 3477 ὁρᾶσθαι
261 3389 298 3456 έν
324 3400 364 3476 τῇ
391 3388 500 3475 σχέσει
523 3389 613 3478 αὐτῷ
636 3399 676 3475 τῇ
698 3389 782 3474 πρὸς
803 3388 844 3452 τὰ
866 3387 998 3473 ὁρῶντα
1019 3406 1102 3473 συμ-

80 3498 237 3585 βέβηκεν.
287 3498 389 3583 ταύτη
421 3520 474 3562 τοι
504 3495 568 3561 κᾶν
599 3496 643 3580 μὴ
674 3496 768 3579 τύχοι
800 3490 879 3559 ποτὲ
912 3492 1083 3580 ὁραθῆναί
1094 3491 1099 3581 Ι

160 3729 185 3781 λ.
203 3723 267 3780 fort.
286 3721 403 3792 κέντρον
421 3723 492 3850 <vic
509 3731 560 3794 γῆς
577 3721 806 3793 περιεχόμενον),
831 3722 865 3777 of.
880 3721 928 3776 lin.
945 3727 987 3776 16.
1002 3739 1029 3792 μ.
1040 3726 1106 3790 1⁶2,

79 3805 164 3868 inq.
262 3801 304 3849 12.
324 3797 494 3865 θφαιρεθεη
513 3800 604 3864 162,θ
705 3801 747 3851 14.
769 3793 865 3869 Apoll.
885 3795 994 3870 Argon.
1011 3801 1043 3864 λ,
1059 3799 1117 3878 spi)

154 3862 346 3934 ρηνσλνλνλί
409 3872 450 3919 16,
469 3861 583 3937 [ellam
603 3884 640 3924 ex
660 3876 720 3927 ‘cm
739 3876 766 3944 2,
785 3870 817 3929 M
893 3877 945 3929 θλ.
962 3890 1005 3928 τοι
1022 3866 1136 3946 mm·

68 3937 130 4002 en]
139 3950 216 4000 yma
233 3934 302 3999 ταίν
317 3935 478 4005 ινῘγενηταν
494 3937 529 3991 Μ
