2394 4208
850 40 896 83 Ἴ

10 39 865 346 -ι

64 554 108 609 v1
122 556 169 628 ιι]
335 555 383 609 DE
402 554 659 610 AETERMTATE
676 556 799 611 ιιτιιιιι
1014 557 1075 620 187

63 719 113 794 ὡς
136 729 284 802 γενητῶν
302 721 452 801 γίνονται
471 720 503 784 ολ
523 723 616 802 λόγοι
635 720 848 796 διδασκαλίας
867 717 985 804 χάρινῖ
1021 719 1077 785 καλ

63 827 168 891 πάλιν
196 825 214 890 δ
242 824 342 902 αὐτὸς
369 823 436 910 μετ’
465 825 581 908 ὀλίγον
610 826 708 902 “τίνες
737 819 800 890 οὖν
823 828 939 909 αἰτίαι,
968 824 1010 890 δι’
1039 826 1077 903 ἃς

64 932 229 1015 ἀγένητον
253 934 333 996 ὄντα
355 934 415 996 τὸν
437 935 563 1016 κόσμον
585 933 726 1015 γενητὸν
748 932 957 1011 ὑποτίθεται;
980 927 1076 997 αὗται
1160 919 1164 927 ’

65 1040 130 1103 δύο
154 1037 336 1123 ἀμφότεραι
366 1042 560 1122 φιλόσοφοι·
588 1038 607 1123 ἡ
631 1035 776 1124 μὲνγὰρ
800 1040 884 1124 πρὸς
906 1039 1077 1121 εὐσέβειαν

63 1149 263 1231 παρακαλεῖ,
295 1145 315 1227 η
351 1141 388 1209 δέ
424 1142 616 1231 σαζφηνείας
652 1147 748 1229 χάριν
784 1150 1014 1231 παρείληπται·
1031 1162 1128 1203 somer.

66 1252 165 1328 εἰδὼς
193 1251 271 1334 γάρ,
302 1251 352 1315 ὅτι
380 1252 412 1315 ολ
439 1250 557 1316 πολλοὶ
585 1254 690 1335 μόνον
717 1252 939 1336 ὑπειλήφασιν
969 1258 1077 1318 αίτιον
1104 1279 1116 1318 ι

65 1360 103 1422 τὸ
136 1367 323 1442 προτεροῦν
355 1360 477 1445 χρόνῳ,
515 1359 621 1434 ἄλλως
657 1355 694 1422 δὲ
731 1358 792 1422 οὐκ
829 1365 956 1424 οἴονται
991 1355 1076 1424 εἶναι

67 1470 185 1545 αἴτιον,
214 1462 250 1527 ἐκ
277 1459 315 1527 δὲ
338 1464 459 1528 τούτου
483 1465 642 1540 κίνδυνος
665 1463 833 1547 ἐπιστῆσαι
857 1465 979 1541 αὐτοὺς
1000 1465 1076 1550 περλ

64 1573 241 1655 προνοίας,
265 1569 315 1634 ὅτι
346 1567 450 1652 ἐστίν,
472 1572 677 1654 βουλόμενος
706 1566 744 1634 δὲ
774 1579 872 1634 τοῦτο
902 1572 939 1635 τὸ
970 1572 1077 1656 δόγμα

66 1675 255 1760 ἐμποιῆσαι,
284 1675 334 1739 ὅτι
362 1679 504 1762 προνοίᾳ
531 1676 549 1741 ὁ
572 1680 695 1761 κόσμος
718 1677 900 1759 διοικεῖται,
922 1687 992 1753 τοῖς
1014 1674 1075 1760 μὲν
1089 1703 1115 1741 ιο

64 1782 265 1865 δυναμένοις
291 1781 346 1846 καλ
373 1783 480 1860 ἄλλως
507 1793 707 1867 κατανοῆσαι
733 1792 832 1848 τοῦτο
861 1782 965 1868 ἠρέμα
993 1783 1075 1847 ὑπο-

64 1889 173 1970 δηλοί,
198 1888 248 1952 ὅτι
272 1887 429 1971 ἀγένητος
452 1888 470 1954 δ
494 1892 616 1973 κόσμος
634 1890 717 1953 κατὰ
735 1892 868 1973 χρόνον,
887 1899 957 1966 τοῖς
975 1885 1012 1953 δὲ
1030 1890 1074 1972 μὴ

64 2003 233 2080 χωροῦσιν
262 1993 430 2078 ἐμφαίνει,
459 1995 510 2060 ὅτι
539 1999 689 2078 γενητός,
717 1994 772 2060 καλ
801 1996 932 2080 εὔχεταί
955 2019 993 2079 γε
1023 2017 1074 2060 πι-

61 2111 200 2167 στεῦσαι
218 2100 350 2183 αὐτούς,
369 2101 425 2164 ἵνα
448 2103 514 2185 ἅμα
536 2107 720 2167 πεισθῶσιν
743 2101 797 2166 καλ
820 2100 896 2186 περὶ
919 2112 976 2186 τῆς
994 2125 1074 2187 προ·

60 2210 166 2283 υοίας.
212 2207 232 2290 ἡ
262 2204 298 2272 δὲ
326 2206 464 2293 δευτέρα
491 2209 593 2290 αίτία,
622 2209 673 2272 ὅτι
700 2208 886 2294 σαφέστερά
914 2208 1005 2274 έστιν
1033 2210 1073 2273 τδι
1088 2232 1113 2274 ιι

62 2316 236 2396 λεγόμενα,
261 2314 340 2378 ὅταν
358 2314 403 2390 ὡς
421 2313 610 2398 γινομένοις
629 2315 740 2392 αὐτοῖς
758 2316 1073 2400 παρατυγχάνωμεν·

62 2419 171 2495 οὕτως
193 2418 248 2483 καὶ
271 2421 311 2484 τὰ
329 2420 558 2504 διαγράμματα
577 2420 617 2485 οὐ
636 2420 839 2486 συντεθέντα
857 2421 1074 2487 συντιθέασιν

60 2525 108 2600 ὡς
132 2523 175 2587 ἂν
197 2527 369 2608 γινόμενα,
396 2524 451 2589 καλ
478 2522 622 2610 τὸνμὲν
644 2528 784 2609 κύκλον,
813 2526 923 2609 ἐπειδὴ
949 2525 1072 2591 ἁπλού-

60 2647 184 2715 στερον
202 2625 253 2712 ἦν,
273 2631 415 2714 ὡρίσατο
434 2630 618 2714 Εὐκλείδης
641 2632 760 2717 ’σχῆμα
781 2633 847 2698 ὑπὸ
871 2641 947 2715 μιᾶς
969 2656 1072 2716 γραμ-

60 2747 126 2819 μῆς
148 2739 394 2820 περιεχόμενον,
417 2738 500 2821 πρὸς
523 2737 566 2821 ἣν
587 2748 688 2803 πᾶσαι
708 2739 741 2803 αλ
760 2736 817 2822 ἀφ’
841 2736 916 2813 ἑνὸς
934 2742 1071 2821 σημείου
1085 2765 1112 2805 ιο

61 2852 131 2905 τῶν
154 2841 247 2917 ε’ντὸς
270 2846 534 2926 προσπίπτουσαι
557 2842 685 2908 εὐθεῖαι
705 2850 771 2909 ἴσαι
790 2843 946 2928 ἀλλήλαις
965 2844 1071 2927 είσίν’,

60 2949 124 3031 τὴν
152 2944 189 3011 δὲ
217 2959 365 3032 σφαῖραν
391 2947 503 3014 θέλων
530 2947 634 3026 δεῖξαι
662 2949 706 3026 ὡς
729 2948 771 3013 δν
793 2947 973 3033 γινομένην
995 2951 1071 3034 ὠρί-

136 3216 160 3263 1.
180 3209 342 3280 γινοντλαλι,
361 3227 395 3264 ex
414 3229 434 3279 ε,
454 3211 483 3264 Μ
555 3218 579 3265 3.
600 3212 665 3283 [υπο
685 3211 934 3273 οτοελυποτνθεται
953 3212 982 3265 Μ

61 3287 87 3334 4.
107 3284 168 3347 δυο,
188 3300 203 3334 ο
222 3281 329 3349 ἰιιοοτλ,
348 3280 378 3333 Μ
396 3281 441 3350 (δὴ
460 3285 503 3351 pt)
567 3289 608 3336 11.
629 3288 669 3336 12.
688 3282 851 3353 ϋποδληλλοι
869 3282 898 3335 Μ
966 3288 1007 3337 13.
1027 3303 1069 3337 οτι

58 3368 202 3476 λιλρθλλῦυοοῐλ.
216 3351 301 3476 {ilem
321 3354 507 3477 λόδολἛρω
525 3352 981 3493 Μέπίπέδοτλζοοέλιλίῖἕγλλρλιλίιλί
991 3427 1023 3494 pt
1041 3427 1070 3478 ot

63 3493 139 3548 Eucl.
250 3499 291 3545 20.
315 3491 332 3561 ἢ
360 3497 484 3548 καλεῖται
510 3491 673 3562 περιφέρεια
695 3498 760 3564 post
784 3492 981 3565 περιεχόμενον
1004 3495 1069 3548 add.

61 3563 188 3617 Euclidis
213 3563 292 3617 codd.
400 3563 436 3632 ἢν
454 3562 506 3633 ἀφ’
529 3564 591 3627 ἑνός
611 3563 724 3634 σημείου
749 3574 804 3619 τῶν
829 3564 907 3628 ἐντὸς
931 3574 981 3619 τοῦ
1006 3564 1069 3636 σχή-

60 3632 148 3702 ματος
170 3633 304 3702 κειμένων
327 3642 414 3688 πᾶσαι
437 3635 468 3689 αλ
490 3634 711 3703 προσπίπτουσαι
735 3637 846 3689 εὐθεῖαι
864 3636 934 3704 πρὸς
951 3636 1002 3705 τὴν
1020 3645 1069 3691 τοῦ

61 3706 165 3760 κύκλου
184 3702 366 3773 περιφέρειαν
385 3705 443 3760 λσαι
461 3705 538 3760 Ειιολ.
647 3712 688 3760 22.
708 3706 784 3760 Eucl.
805 3705 885 3761 elem.
905 3707 943 3760 XI
962 3707 1015 3761 def.
1037 3714 1070 3761 14

61 3776 179 3844 (σφαῖρά
203 3776 289 3842 ἐστιν,
313 3773 381 3830 ὅταν
404 3775 567 3844 ἡμικυκλίου
589 3778 725 3848 μενούσης
751 3786 800 3850 της
823 3776 976 3850 διαμέτρου
999 3796 1080 3848 περι-

61 3845 179 3917 ενεχθὲν
203 3847 233 3900 τὸ
257 3845 419 3912 ἡμικύκλιον
434 3847 476 3910 είς
492 3849 524 3903 τὸ
543 3848 613 3906 αὐτὸ
631 3849 719 3909 πάλιν
744 3852 997 3926 ἀποκατασταθῇ,
1017 3848 1095 3906 &tv

56 3915 156 3978 ἤρίατο
172 3914 315 3980 meabat,
336 3917 368 3969 τό
385 3919 565 3989 περιληφθὲν
586 3929 693 4001 σχῆμα)
