2394 4208
74 554 164 607 XVIII
178 555 206 626 4]
340 555 388 609 DE
406 554 664 610 AETERNITATII
683 553 805 621 MVNDI
1020 553 1083 618 621

76 717 117 781 ού
145 718 265 799 ταύτης
292 726 350 800 τῆς
376 715 520 794 τάξεως’·
557 717 650 801 ὅθεν,
678 716 791 801 ἐπειδὴ
819 717 873 782 καὶ
898 717 915 783 6
940 717 1085 804 οὐρανὸς

73 823 129 888 καὶ
163 823 180 887 6
213 826 336 907 κόσμος
366 825 530 907 σώματος,
560 828 674 909 φησίν,
705 826 957 907 κεκοινώνηκεν,
989 847 1086 907 μετα-

74 934 177 1014 βολῆς
209 932 346 1014 άμοιρος
377 928 535 1012 γενέσθαι
568 931 624 995 διά
659 932 782 1007 παντὸς
813 929 985 1007 άδύνατος.
1031 928 1087 995 καλ

74 1038 178 1101 πάλιν
206 1036 223 1100 ὁ
253 1035 352 1112 αὐτὸς
380 1034 417 1099 ἐν
449 1039 573 1123 Τιμαίῳ
601 1036 647 1101 ιτί
671 1037 708 1100 τὸ
737 1035 778 1100 δν
800 1036 867 1120 άεί,
895 1036 1028 1120 γένεσιν
1051 1034 1082 1101 δ’

76 1144 138 1208 οὐκ
169 1145 257 1226 ἔχον,
284 1146 319 1206 τί
344 1138 381 1206 δὲ
408 1142 445 1206 τὸ
474 1145 652 1226 γινόμενον
679 1139 740 1225 μὲν
767 1142 833 1224 άεί,
862 1141 902 1206 δν
931 1139 967 1207 δὲ
992 1141 1086 1208 ούδέ-
1114 1167 1128 1208 ο

48 1251 50 1254 ’
76 1272 165 1314 ποτε.
211 1249 247 1313 τὸ
276 1244 338 1331 μὲν
367 1249 407 1331 δὴ
436 1250 550 1332 νοήσει
577 1250 657 1332 μετά
685 1251 788 1331 λόγον
811 1249 1013 1335 περιληπτὸν
1036 1247 1088 1314 άελ

78 1357 160 1420 κατά
189 1356 229 1418 τά
258 1355 341 1419 αὐτά
363 1354 418 1419 καλ
442 1356 597 1432 ὡσαύτως
620 1358 707 1439 ἕχον,
730 1354 767 1418 τὸ
792 1352 821 1419 δ’
845 1349 887 1419 αὖ
911 1352 991 1440 δόξῃ
1014 1353 1084 1439 μετ’

79 1463 266 1544 αἰσθήσεως
293 1461 419 1544 άλόμου
452 1460 613 1538 δοξαστὸν
644 1463 827 1545 γενόμενον
858 1459 912 1525 καὶ
945 1459 1089 1525 ἀπολλύ-

79 1591 197 1652 μενον,
224 1569 329 1643 ὄντως
359 1564 387 1631 δ’
421 1567 579 1631 οὐδέποτε
612 1568 677 1631 δυ’·
718 1565 772 1631 καὶ
805 1567 865 1631 τὸν
896 1570 1022 1650 κόσμον
1055 1559 1084 1630 δ’

82 1674 245 1756 αἰσθητὸν
263 1675 344 1739 ὄντα
362 1675 541 1757 γινόμενον
560 1669 649 1738 εἷναί
660 1690 765 1757 φησιν
778 1672 832 1737 καὶ
847 1672 1089 1757 ἀπολλύμενον,
1104 1698 1131 1737 ιο

83 1782 188 1856 ὄντως
218 1776 254 1844 δὲ
284 1779 447 1863 μηδέποτε
477 1775 572 1846 εἶναι.
618 1782 646 1844 εἰ
677 1775 740 1844 οὖν
766 1780 803 1843 τὸ
831 1782 913 1843 κατά
940 1781 981 1842 τά
1008 1779 1092 1845 αὐτοὶ

79 1885 136 1952 καὶ
166 1887 323 1962 ὡσαύτως
351 1889 438 1970 ἔχειν
465 1898 535 1964 τοῖς
561 1887 749 1963 δειοτάτοις
776 1888 935 1971 προσήκει
964 1888 1090 1970 μόνοις,

80 1997 174 2058 ἔστιν
204 1989 240 2056 δὲ
274 1991 291 2057 6
319 1989 380 2076 μὲν
408 1994 612 2079 δημιουργὸς
638 2004 705 2057 τῶν
732 1994 917 2058 θειοτάτων
948 1989 1007 2079 (ὡς
1036 1992 1092 2058 καὶ

82 2099 226 2163 Πλάτων
254 2096 358 2181 φησὶν
386 2097 441 2163 καὶ
466 2103 606 2187 Πρόκλῳ
631 2097 736 2186 δοκεῖ)
759 2097 814 2164 καὶ
839 2101 894 2163 διά
918 2108 1016 2163 τοῦτο
1040 2097 1092 2164 άελ

81 2205 163 2268 κατά
184 2202 188 2289 I
208 2205 249 2268 τά
276 2205 359 2269 αὐτά
386 2204 441 2270 καὶ
471 2205 627 2283 ὡσαύτως
657 2209 736 2289 ἔχει,
770 2205 787 2271 6
819 2202 855 2270 δὲ
888 2207 1011 2290 κόσμος
1034 2221 1144 2264 fokflwr·

83 2313 232 2393 σώματος
263 2313 511 2395 κεκοινωνηκὼς
543 2311 583 2377 οὐ
615 2313 735 2395 ταύτης
765 2311 856 2377 ἐστὶν
878 2322 943 2395 ’τῆς
973 2309 1098 2389 τάξεως
1107 2338 1132 2378 ιι

83 2414 271 2500 (τουτέστιν
294 2418 334 2481 ού
358 2429 425 2482 τῶν
447 2417 498 2482 ἀεὶ
522 2419 677 2495 ὡσαύτως
705 2417 863 2502 ἐχόντων·
901 2427 999 2482 τοῦτο
1028 2419 1091 2503 γάρ

82 2533 153 2598 τοῖς
175 2517 362 2600 δειοτάτοις
384 2526 500 2609 μόνοις
523 2523 626 2609 φησὶν
644 2528 824 2609 προσήκειν
844 2525 861 2589 ὁ
882 2526 1036 2608 Πλάτων,
1054 2525 1091 2589 τὸ

84 2625 121 2692 δὲ
145 2628 266 2713 ὁρατὸν
289 2638 356 2693 πᾶν
380 2632 559 2713 γινόμενον
581 2626 667 2695 εἶναι
690 2628 745 2694 καλ
768 2630 1012 2714 ἀπολλύμενον,
1038 2633 1092 2696 όν-

86 2758 150 2811 τως
173 2731 209 2799 δὲ
232 2734 394 2819 μηδέποτε
418 2731 471 2800 όν·
495 2736 578 2800 ὅθεν
601 2736 768 2801 ἀδύνατον
792 2732 876 2800 εἶναι
901 2737 1091 2822 ἀπεφήνατο
1106 2762 1133 2803 ιο

83 2844 265 2926 μεταβολῆς
288 2842 428 2926 άμοιρον
452 2837 536 2907 εἶναι
560 2844 615 2907 διά
638 2844 761 2919 παντὸς
785 2840 835 2907 άεὶ
858 2843 918 2907 τὸν
941 2841 1093 2929 κόσμον),

83 2958 143 3013 τοῦ
168 2949 232 3031 άρα
256 2948 463 3033 δημιουργοῦ
487 2947 538 3013 άεὶ
561 2950 717 3027 ὡσαύτως
736 2953 871 3034 ἔχοντος
890 2951 949 3014 τὸν
967 2952 1093 3043 κόσμον

85 3053 102 3118 6
129 3055 271 3118 Πλάτων
298 3054 384 3137 <μη>
412 3055 567 3132 ὡσαύτως
595 3058 683 3139 ἔχειν
706 3058 893 3142 διωρίσατο.
939 3067 1008 3132 πῶς
1031 3051 1094 3120 οὖν

83 3161 142 3236 τάς
165 3159 316 3236 ἐναντίας
338 3162 469 3238 τούτοις
492 3161 599 3246 ἀφῆκε
621 3170 667 3249 τῷ
687 3164 842 3228 Πλάτωνι
863 3164 977 3246 φωνάς
996 3161 1014 3226 6
1034 3171 1093 3226 τοῦ

86 3266 266 3343 Πλάτωνος
299 3266 454 3350 διάδοχος
485 3266 632 3352 ἐναργῶς
664 3268 769 3345 οὕτως
805 3269 1094 3352 καταψευδόμενος
1108 3293 1134 3334 ιι

158 3500 180 3546 1.
202 3493 330 3562 ταξελῆο,
350 3495 430 3565 τοπιλ
456 3494 485 3547 Μ
598 3500 622 3548 4.
642 3494 714 3549 plat.
734 3495 804 3548 Tim.
824 3495 888 3549 271)
1004 3516 1035 3549 το
1061 3494 1094 3550 ὃν

85 3565 123 3634 [II
142 3564 197 3618 litt.
218 3565 267 3634 er]
288 3583 331 3618 αει
350 3564 378 3617 Μ
451 3572 474 3618 ό.
495 3565 558 3635 ἔχον
576 3566 624 3618 καλ
643 3563 668 3618 tl
686 3566 717 3620 τὸ
736 3567 809 3620 Plat.
884 3572 907 3620 7.
927 3566 1014 3621 ταύτὰ
1035 3569 1095 3637 (καλ

85 3634 214 3696 ὡσαύτως
233 3639 296 3703 om.)
316 3634 357 3703 όν,
375 3635 406 3689 τὸ
426 3634 497 3690 Plat.
595 3641 619 3690 8.
656 3634 786 3705 ινόμενον
804 3639 837 3706 pt
854 3636 926 3691 Plat.
1019 3644 1042 3692 9.
1064 3636 1091 3692 δ’
1156 3646 1160 3654 “

86 3709 162 3786 (ροεό
179 3704 293 3775 κόσμον)
311 3706 353 3773 Μς
379 3706 442 3761 fort.
462 3707 497 3775 δὴ
570 3711 611 3760 15.
631 3658 697 3778 ἔχει]
718 3726 790 3777 εχειν
809 3709 838 3761 Μ
911 3714 951 3762 16.
968 3727 1094 3777 σωματος

87 3776 124 3846 [Π
143 3777 197 3831 htv
218 3777 268 3846 er]
288 3777 316 3829 M
420 3783 461 3831 19.
481 3777 580 3848 [ειῙναι
598 3778 627 3830 Μ
726 3784 769 3832 20.
788 3777 820 3831 όν
839 3780 892 3848 ρλλ
904 3779 943 3830 ὡν
959 3780 998 3828 Μ

88 3852 130 3900 21.
151 3866 266 3916 αμοιρος
284 3847 313 3899 Μ
331 3851 379 3917 (cr.
397 3851 440 3919 pt)
513 3854 556 3904 ⁶22.
576 3849 755 3913 ωοαοτοςΜ
827 3854 881 3899 Ἡ·
898 3846 944 3912 δὴ
957 3844 1033 3892 ὼ·

85 3922 126 3969 24,
145 3917 207 3970 fort.
230 3917 301 3990 (lv)
320 3919 443 3991 τούτοις,
464 3922 500 3978 cf.
520 3927 619 3994 490,ss
