2394 4208
30 39 926 348 -‹⁸

72 557 116 612 ιτ
130 557 215 630 ι-ι]
353 557 403 613 οο
421 557 679 615 mmmm:
698 559 818 615 υταοι
1049 560 1091 625 61

73 743 176 805 τερον
197 721 324 799 ψεῦδος
346 719 446 807 (λέγω
475 722 517 806 δη
540 722 578 787 τὸ
601 721 765 806 μηδέποτε
786 720 926 809 ποιεῖν),
954 720 1006 786 άελ
1029 723 1094 808 άρα

75 830 222 913 ποιήσει,
250 829 281 893 εί
304 824 341 894 δὲ
365 827 416 893 ἀεὶ
438 832 571 914 ποιησει
593 831 654 894 τὸν
675 832 812 914 κόσμον,
841 828 893 894 άελ
915 827 971 894 καί
996 828 1014 895 ὁ
1037 832 1093 894 κό-

74 951 161 1018 σμος
183 937 276 1000 ἐστιν
299 932 332 1012 ἐξ
356 934 509 1019 άνάγκης.
554 936 575 1020 η
598 933 660 1020 μὲν
681 931 745 1001 οὖν
766 947 834 1000 τῶν
857 940 1094 1020 συλλογισμῶν

72 1049 136 1106 τοῦ
162 1043 321 1127 Πρόκλου
345 1041 458 1126 άγιογὴ
481 1044 626 1126 τοιαύτη.
811 1113 812 1118 ,

143 1144 189 1230 β’.
209 1145 303 1232 Ἐμοί
326 1144 364 1214 δέ
390 1149 575 1232 θαυμάζειν
598 1152 740 1234 ἔπεισιν,
769 1149 858 1227 ὅπως
884 1150 945 1213 τὸν
972 1148 1008 1214 ἐκ
1031 1157 1092 1215 τοῦ
1120 1174 1132 1214 ι

74 1255 205 1320 οἰκείου
233 1255 428 1332 συνειδότος
454 1259 745 1342 παρακρουόμενοι
773 1259 910 1340 ἔλεγχον
934 1257 1093 1334 πολλάκις

75 1359 132 1425 καί
156 1362 245 1446 παρά
267 1362 308 1425 τὰ
331 1364 451 1445 σφίσιν
478 1361 592 1440 αὐτοῖς
614 1368 722 1440 καλῶς
745 1360 988 1447 ἀποδειχθέντα
1010 1365 1093 1428 κατὰ

74 1477 135 1551 τῆς
148 1463 319 1553 άληΙθείας
332 1467 522 1547 ὁπλίζονται
538 1471 626 1555 πάση
641 1479 769 1554 μηχανῇ
783 1472 862 1546 τοὺς
876 1469 1034 1555 ἀπείρους
1045 1485 1086 1527 ¹01·
1094 1485 1145 1526 νῦν·

74 1583 135 1658 τῆς
157 1582 227 1638 τῶν
245 1578 481 1658 συλλογισμῶν
499 1576 689 1659 δεινότητος
706 1578 1004 1661 παρακρουόμενοι.
1041 1576 1093 1640 ότι

75 1675 140 1763 μὲν
163 1681 226 1764 γὰρ
249 1689 339 1745 πᾶσα
365 1684 495 1765 κίνησις
523 1681 639 1766 άτελης
667 1681 759 1747 ἐστιν
786 1680 935 1765 ἐνέργεια
961 1681 1017 1747 καὶ
1041 1681 1091 1747 ὅτι
1107 1707 1132 1748 ιο

76 1796 168 1851 πᾶσα
189 1788 353 1871 μεταβολὴ
377 1786 396 1870 ἢ
424 1790 555 1872 κίνησίς
577 1792 628 1866 τίς
651 1787 743 1853 ἐστιν
766 1787 787 1871 ἢ
812 1787 874 1853 οὐκ
897 1789 978 1852 ἄνευ
1001 1791 1092 1872 κινή-

79 1909 178 1976 σειος,
204 1891 342 1975 ἀληθές·
371 1893 422 1959 ὅτι
451 1891 489 1959 δὲ
516 1896 553 1960 τὸ
582 1894 618 1959 ἐκ
640 1904 701 1960 τοῦ
730 1896 774 1978 μὴ
797 1905 908 1960 ποιεῖν
933 1893 954 1977 ἣ
983 1893 1093 1972 ἁπλῶς

78 1999 124 2082 μὴ
148 1997 297 2085 ἐνεργεῖν
319 1995 421 2078 αὖθις
442 2010 564 2066 ποιοῦν
582 2000 602 2084 ἢ
622 2001 733 2078 ἁπλῶς
752 2000 914 2087 ἐνεργοῦν
932 2000 1093 2084 οὐδεμίαν

78 2109 215 2189 κίνησιν
236 2105 257 2189 ἢ
281 2105 462 2172 ἀλλοίωσιν
483 2107 657 2193 ὑπομένει,
686 2105 787 2174 οὐδὲν
813 2104 876 2192 μὲν
904 2114 983 2184 ίσοος
1008 2106 1093 2190 ἡμᾶς

77 2212 146 2276 ἔδει
175 2214 430 2293 κατασκευάζειν
458 2211 529 2279 ἀλλ’
557 2214 641 2279 αὐτὰ
667 2217 755 2298 μόνα
781 2217 822 2279 τὰ
845 2211 1094 2298 Ἀριστοτέλους
1107 2239 1133 2280 ιο

78 2322 338 2404 παρατίθεσθαι,
361 2318 406 2385 δι’
429 2315 478 2386 ὧν
501 2319 538 2386 ἐν
560 2325 698 2398 πολλαῖς
717 2319 838 2387 ἑαυτοῦ
856 2323 1093 2407 πραγματείαις

78 2423 177 2490 τοῦθ’
200 2424 285 2509 ἡμᾶς
307 2428 387 2511 μετά
410 2425 608 2505 ἀποδείξεως
631 2428 816 2512 δεδίδαχεν,
840 2419 891 2505 οἷς
914 2423 1016 2492 οὐδὲν
1033 2427 1094 2490 τὸν

80 2534 240 2617 Πρόκλον
271 2530 457 2615 ἀντιλέγειν
487 2533 727 2618 ὑπολαμβάνω,
759 2531 829 2598 ἀλλ’
857 2535 914 2597 ’ίνα
945 2533 989 2616 μὴ
1021 2541 1094 2608 ταῖς

79 2639 191 2704 ἄλλων
214 2637 327 2716 δόξαις
350 2638 622 2705 ἐπαναπαόεσθαι
645 2638 804 2725 δόξωμεν,
827 2640 921 2724 ἡμεῖς
943 2636 994 2723 ἐφ’
1018 2636 1093 2702 ἑαυ-

79 2756 147 2810 τῶν
169 2756 304 2831 πρῶτον
326 2747 386 2812 τὸν
413 2748 516 2829 λόγον
539 2750 771 2832 σκοπήσομεν,
800 2742 870 2811 εἶτα
895 2747 1015 2811 λοιπὸν
1036 2743 1092 2809 καί
1106 2771 1132 2810 το

80 2862 151 2930 ταῖς
170 2850 419 2937 Ἀριστοτέλους
441 2857 639 2938 μαρτυρίαις
661 2855 723 2937 τὴν
745 2852 909 2937 ἀλήθειαν
932 2851 1093 2937 ἐπισφρα-

80 2962 235 3042 γίσωμεν.

147 3062 190 3148 γ’.
214 3064 277 3130 ‘Tb
301 3064 337 3130 ἐκ
359 3073 420 3130 τοῦ
438 3068 603 3152 πρότερον
619 3067 663 3150 μὴ
682 3065 815 3148 ποιεῖν’,
838 3068 953 3151 φησίν,
976 3065 1036 3143 (είς
1054 3067 1091 3130 τὸ

82 3181 192 3236 ποιεῖν
214 3175 416 3255 μεταβαῖνον
433 3174 620 3257 μεταβολὴν
637 3170 702 3249 ἔξει
721 3170 776 3237 καὶ
794 3173 947 3254 κίνησιν’.
985 3172 1092 3238 ἐκεῖνο

81 3288 216 3362 πρῶτον
243 3276 280 3342 ἐν
307 3279 440 3355 τούτοις
468 3277 734 3362 ἐπισημήνασθαι
768 3275 963 3361 ἀναγκαῖον·
994 3275 1093 3341 παντὶ
1106 3302 1133 3343 τι

83 3385 187 3468 δῆλον
213 3383 369 3469 ὑπάρχει,
396 3384 442 3460 ὡς
469 3383 520 3448 ότι
547 3385 584 3448 τὸ
612 3384 656 3467 μὴ
684 3391 806 3448 ποιοῦν
832 3386 997 3468 πρότερον
1024 3377 1094 3447 εἶτα

83 3499 205 3556 ποιοῦν
228 3488 264 3554 ἐκ
290 3499 351 3554 τοῦ
379 3488 539 3574 δευτέρου
566 3489 708 3572 δυνάμει
735 3497 795 3554 τοῦ
823 3491 905 3554 κατὰ
931 3491 993 3571 την
1015 3487 1094 3573 ἴξιν,

85 3595 162 3681 ὅπερ
195 3595 251 3661 καὶ
282 3597 416 3682 πρῶτόν
448 3594 540 3660 ἐστιν
569 3594 733 3681 ἐνεργείᾳ,
765 3596 813 3673 είς
844 3597 905 3679 τὴν
934 3593 1095 3679 δευτέραν

156 3864 180 3913 7,
199 3858 434 3929 αποδειχθεντα[ί
449 3858 504 3914 litt.
531 3862 583 3932 θα]
607 3860 639 3918 Μ
737 3868 782 3923 17.
808 3866 899 3925 ουδεν
919 3864 972 3941 Q
994 3862 1067 3922 δαδὶ
1088 3863 1130 3934 ΨΚ·

145 3933 185 3977 21,
204 3931 245 3977 22.
265 3943 518 4000 επισφραγησαμεν
535 3933 568 3990 Μ
591 3939 640 4008 (cr,
663 3942 710 4015 pt)
789 3948 841 4002 23,
861 3941 901 4003 χῖ,
924 3941 1104 4017 9212,ssssst
