2394 4208
74 527 101 583 x
117 532 146 603 ε]
342 531 391 586 οε
410 530 666 586 mmmm
685 531 808 588 mm
1019 534 1084 599 401

77 692 115 758 ἐν
148 693 335 780 ἀλλοτρίοις
366 696 481 772 τόποις
512 696 553 760 τά
584 705 729 780 στοιχεῖα
759 696 922 782 ὑπῆρχεν,
959 698 989 762 εί
1024 693 1087 781 μὲν

73 802 184 865 ὄντων
211 801 325 878 αὐτοῖς
352 811 420 866 τῶν
447 803 529 866 κατὰ
555 803 662 886 φύσιν
693 805 805 868 τόπων
835 805 956 888 ἄλλων,
987 808 1038 881 τίς
1067 804 1086 869 6

75 906 232 991 μεταθεὶς
255 908 338 972 αὐτὰ
361 906 398 972 ἐν
420 918 491 985 τοῖς
514 907 716 994 άλλοτρίοις;
740 909 781 974 οὐ
804 911 868 996 γάρ
891 907 1022 987 ἑαυτοῖς
1043 906 1087 994 ἦν

75 1020 166 1078 αίτια
189 1016 324 1098 σώματα
345 1016 427 1079 ὄντα
449 1025 507 1099 τῆς
528 1016 749 1098 μεταθέσεως·
784 1018 867 1082 ὥστε
891 1017 953 1082 δύο
978 1016 1086 1102 ἀργαί,

75 1124 192 1204 φησίν,
215 1121 235 1204 ἡ
257 1117 319 1204 μὲν
341 1130 401 1185 τοῦ
424 1123 645 1206 κατὰφύσιν,
672 1123 692 1205 ἡ
716 1118 754 1186 δὲ
777 1131 837 1187 τοῦ
860 1123 948 1207 παρὰ
971 1123 1085 1206 φύσιν.
1113 1148 1128 1190 τ

75 1227 213 1310 οὐκοῦν,
242 1227 354 1310 ἐπειδὴ
382 1226 437 1292 καί
465 1236 531 1292 νῦν
552 1252 629 1292 τινα
651 1228 687 1293 εἰι
709 1239 777 1293 τῶν
800 1230 882 1292 κατά
904 1229 1011 1312 φύσιν
1034 1226 1087 1293 ἐπὶ

74 1336 156 1410 τοὺς
178 1335 266 1418 παρὰ
289 1336 396 1417 φύσιν
418 1336 542 1411 τόπους
564 1336 775 1419 μεταβάλλει,
798 1335 843 1411 ὡς
865 1335 946 1399 ὅταν
963 1336 1000 1399 τὸ
1019 1343 1086 1421 πῦρ

74 1439 162 1503 κάτω
191 1438 368 1523 γένηταιῆ
391 1441 429 1504 τὸ
451 1441 544 1525 ὕδωρ
568 1442 652 1522 άνω,
680 1439 735 1504 καὶ
759 1440 821 1505 οὐκ
844 1443 934 1507 ἔστιν
957 1439 1088 1520 ἑαυτοῖς

74 1555 134 1627 τῆς
170 1546 376 1629 μεταθέσεως
413 1552 502 1612 αίτια
538 1548 671 1631 σώματα
703 1548 799 1630 ὄντα,
835 1546 891 1611 καλ
922 1556 987 1613 νῦν
1023 1550 1086 1614 δύο

76 1652 179 1736 ἀρχάς
197 1653 421 1718 ὑποτίθεσθαι
442 1653 583 1737 ἀνάγκη,
601 1657 681 1737 μίαν
698 1649 760 1736 μὲν
777 1654 839 1736 τὴν
862 1652 915 1719 ἐπὶ
937 1656 975 1719 τὸ
998 1655 1087 1740 παρὰ
1101 1681 1128 1720 ιο

76 1761 183 1843 φύσιν
205 1766 418 1843 μεθιστῶσαν
439 1762 480 1824 τά
503 1762 652 1843 σώματα,
675 1758 791 1846 ἑτέραν
814 1756 851 1824 δὲ
873 1769 931 1844 τῆς
952 1783 988 1824 τε
1005 1762 1087 1825 κατὰ

75 1867 183 1950 φύσιν
214 1865 341 1944 θέσεως
373 1866 487 1943 αὐτοῖς
519 1869 628 1932 αἰτίαν
659 1864 715 1931 καὶ
747 1875 804 1950 τῆς
836 1865 871 1931 ἐκ
902 1876 963 1932 τοῦ
994 1869 1085 1953 παρὰ

75 1974 184 2055 φύσιν
216 1972 269 2038 ἐπὶ
300 1974 338 2038 τὸ
370 1975 453 2038 κατὰ
484 1975 589 2057 φύσιν
621 1972 787 2038 ἐπανόδου
819 1982 890 2049 τοῖς
914 1974 918 2057 1
943 1982 1003 2038 τοῦ
1027 1990 1066 2031 toL
1074 1990 1138 2032 1⁶⁶1·

75 2080 160 2142 κατά
192 2081 297 2163 φύσιν
330 2079 583 2145 ἐκπεπτωκόσιν.
628 2077 729 2145 οὐδὲν
761 2074 825 2144 οὖν
856 2079 1037 2163 άναγκαλον
1067 2080 1085 2145 6

77 2187 178 2268 λόγος
210 2181 308 2262 οὗτος
343 2189 431 2269 ἔχειν
466 2209 523 2269 μοι
560 2189 722 2269 φαίνεται.
777 2186 822 2261 ὡς
858 2186 921 2269 γάρ
958 2183 1013 2250 καὶ
1050 2184 1087 2250 ἐν
1101 2213 1127 2254 15

77 2289 203 2377 ε’τίροις
235 2289 314 2377 (σὺν
349 2298 420 2378 θεῷ
459 2287 496 2356 δὲ
532 2289 653 2378 εἰπεῖν)
685 2289 851 2375 δείξομεν,
882 2293 924 2356 τά
955 2293 1088 2358 δεκτικά

77 2406 140 2461 τοῦ
163 2400 245 2463 κατά
268 2399 375 2480 φύσιν
397 2420 432 2461 τε
454 2396 510 2463 καὶ
531 2400 621 2480 παρὰ
642 2399 749 2482 φύσιν
773 2397 834 2482 οὐχ
856 2399 922 2463 ὑπὸ
946 2398 1087 2464 ἀντικει-

75 2503 187 2587 μένων
219 2505 394 2588 δυνάμεων
427 2503 480 2568 ἑπλ
512 2506 552 2569 τά
583 2503 793 2588 ἀντικείμενα
825 2503 975 2590 φέρεται,
1012 2504 1083 2570 ἀλλ’

79 2608 133 2674 ἐπὶ
161 2611 197 2675 τὸ
226 2593 308 2675 κατά
334 2612 441 2694 φύσιν
468 2607 529 2694 μὲν
551 2610 616 2676 ὑπὸ
640 2621 698 2695 τῆς
721 2620 866 2694 φυσικῆς
887 2634 922 2675 τε
945 2609 999 2676 καὶ
1024 2628 1087 2676 σω-

77 2727 191 2800 στικῆς
223 2728 290 2780 τῶν
321 2717 524 2803 πραγμάτων
556 2718 741 2801 δυνάμεως,
774 2715 827 2782 ἐπὶ
860 2713 897 2781 δὲ
928 2719 965 2782 τὸ
996 2719 1085 2803 παρά
1099 2744 1125 2784 ιο

77 2824 185 2906 φύσιν
208 2833 247 2908 τῇ
271 2827 421 2908 στερήσει
444 2825 565 2907 ταύτης
584 2823 817 2889 άπολισθάνει·
840 2824 860 2906 ἡ
880 2819 917 2888 δὲ
935 2822 1088 2910 στέρησις

76 2930 135 2993 διὰ
165 2931 203 2994 τὸ
236 2929 486 3015 πεπερασμένον
516 2940 574 3015 τῆς
606 2931 779 3014 δυνάμεως
811 2932 986 3012 συμβαίνει
1016 2940 1087 3007 τοῖς

75 3036 281 3119 πράγμασιν·
315 3035 385 3101 ἐπεὶ
408 3034 463 3100 καὶ
487 3035 505 3101 6
528 3037 663 3120 ἡνίοχος
685 3034 740 3099 καὶ
764 3035 782 3100 6
805 3038 1009 3121 κυβερνήτης
1031 3035 1087 3102 καὶ

75 3151 135 3224 τῆς
153 3146 316 3227 σωτηρίας
334 3140 388 3206 καλ
407 3151 466 3226 τῆς
484 3141 647 3218 ἀπωλείας
664 3151 733 3205 τῶν
749 3140 978 3225 ὑποκειμένων
997 3140 1087 3207 ἐστὶν

75 3254 197 3331 αίτιος,
221 3247 238 3313 6
262 3245 323 3332 μὲν
345 3257 406 3313 τοῦ
429 3250 587 3334 ἅρματος,
615 3248 633 3313 6
657 3244 694 3312 δὲ
717 3257 774 3332 τῆς
797 3249 894 3332 νεώς,
922 3247 1004 3312 άλλδ
1026 3257 1125 3333 τηςω

75 3350 139 3438 μὲν
166 3358 329 3439 σωτηρίας
354 3353 432 3419 καθ’
460 3354 551 3438 αὑτό,
574 3365 632 3438 της
655 3352 692 3419 δὲ
716 3353 878 3431 ἀπωλείας
899 3355 983 3419 κατὰ
1005 3372 1087 3438 συμ-

75 3463 230 3543 βεβηκός·
254 3471 312 3545 τῆς
334 3463 397 3546 γάρ
422 3462 595 3545 δυνάμεως
617 3472 685 3526 τῶν
706 3471 865 3545 τεχνιτῶν
888 3457 1087 3537 ἐξασθενού-

77 3584 140 3649 σης
160 3568 270 3632 διὰτὸ
289 3568 497 3653 πεπεράνθαι
516 3570 691 3651 συμβαίνει
711 3567 831 3631 λοιπὸν
848 3575 909 3631 τοῦ
924 3565 1087 3654 σῴζοντος

149 3835 172 3884 7.
192 3831 255 3900 [ὡῙς
272 3831 301 3883 Μ
374 3837 414 3885 ll.
434 3832 544 3903 [ετεραν
562 3830 607 3903 δλε
624 3830 657 3886 M
728 3837 775 3886 λδ.
794 3825 879 3893 οἳοτος
894 3826 1112 3899 ρλλὶυτωῒῖῐ

71 3906 113 3952 23,
135 3902 222 3969 salet]
239 3901 273 3953 M
342 3908 382 3957 24.
404 3903 534 3970 άπωλιας
552 3903 584 3960 Μ
