2394 4208
62 559 103 613 IX
119 560 164 632 11]
335 559 384 614 ΒΕ
402 559 660 615 mmmm:
677 559 799 615 mm
1011 559 1077 624 363

65 725 104 787 τὸ
129 723 270 806 δυνάμει
292 746 323 787 τι
347 721 389 787 ὂν
410 722 466 788 καί
489 720 638 810 ένεργείμ
656 722 816 807 γενέσθαι
835 721 1010 808 ἐνδέχεται.
1047 724 1076 788 εἰ

65 825 130 895 οὖν
159 831 220 913 την
251 835 442 915 φθαρεῖσαν
473 832 655 914 λευκότητα
685 832 746 914 τὴν
778 830 883 913 αὐτὴν
915 833 963 895 ἔτι
995 831 1077 894 κατά

65 936 215 1023 ἀριθμὸν
238 935 396 1019 γενέσθαι
419 936 598 1020 ἀδύνατον,
622 933 702 1001 ούδὲ
725 936 865 1020 δυνάμει
893 938 957 1022 ἀρα
985 938 1075 1001 ἔσται

68 1043 106 1108 έν
128 1051 175 1130 τῷ
198 1041 404 1130 ὑποκειμένῳ
427 1045 561 1128 σώματι.
603 1044 633 1108 εἰ
656 1040 694 1108 δί
715 1041 798 1127 μηδὲ
822 1043 962 1127 δυνάμει
985 1040 1076 1107 ἐστὶν

66 1151 104 1215 ἐν
135 1157 181 1237 τῷ
213 1146 419 1236 ὑποκειμένῳ
453 1151 593 1232 σάματι,
626 1155 797 1235 φθαρεῖσα
827 1151 890 1235 άρα
918 1148 1025 1231 ἐκείνη
1053 1148 1074 1232 ἡ
1103 1174 1115 1215 ε

64 1258 224 1339 λευκότης
249 1255 311 1319 αύκ
334 1256 382 1332 εἰς
403 1256 465 1337 τὴν
483 1256 611 1320 οἰκείαν
630 1254 762 1340 ἐφθάρη
782 1256 940 1341 δύναμιν·
963 1256 992 1320 εἰ
1011 1256 1075 1338 γάρ

64 1368 236 1446 φθαρεῖσα
267 1362 314 1437 εἰς
343 1363 405 1444 τὴν
437 1362 564 1427 οἰκείαν
596 1360 801 1446 άνέκαμτιτεν
833 1362 988 1446 δύναμιν,
1019 1359 1074 1426 καί

64 1467 225 1552 γενέσθαι
255 1462 357 1544 αὖθις
384 1468 531 1551 ἠδύνατο
559 1469 609 1532 ἀν.
655 1469 684 1533 εἰ
715 1462 778 1532 οὖν
807 1464 890 1552 μηδὲ
916 1465 1073 1551 γενέσθαι

61 1578 116 1641 Ιἔτι
144 1571 213 1638 κατ’
242 1573 391 1659 ἀριθμὸν
418 1574 438 1657 ἡ
462 1573 544 1657 αὐτη
565 1576 726 1657 λευκότης
748 1574 903 1656 δύναται,
926 1573 988 1638 οὐκ
1011 1575 1074 1660 άρα

63 1688 237 1766 φθαρεῖσα
260 1681 308 1756 εἰς
330 1681 392 1763 τὴν
415 1681 542 1745 οἰκείαν
565 1679 755 1765 ἀνέκαμύεν
772 1681 918 1764 δύναμιν
937 1678 1007 1744 ἀλλ’
1025 1681 1073 1758 εἰς
1087 1708 1114 1748 ιο

62 1789 102 1851 τὸ
125 1788 259 1872 μηδαμῇ
282 1788 439 1872 μηδαμῶς
462 1785 502 1851 δν
525 1785 642 1874 ᾤχετο·
665 1787 716 1852 ὅτι
740 1788 802 1872 γάρ
826 1783 898 1851 οὐδ’
922 1787 969 1863 εἰς
993 1788 1072 1851 ἀλλο

62 1918 95 1958 τι
110 1900 303 1979 φθαρεῖσαν
317 1893 423 1977 αὐτὴν
441 1892 634 1978 ἀνατρέχειν
652 1893 758 1977 αὐτὴν
776 1891 953 1978 ἐνδέχεται,
966 1895 1073 1977 ἔφθη-

64 2023 129 2085 μεν
151 1998 458 2085 κροαιιοδείξαντες.
498 2001 528 2064 εἰ
546 2003 664 2079 τοίνυν
686 2001 746 2084 ἥδε
764 2000 785 2084 η
804 2002 961 2083 λευκότης
984 2006 1073 2084 φθα-

64 2117 160 2192 ρεῖσα
184 2107 231 2184 εἰς
254 2107 291 2171 τὸ
313 2107 445 2192 μηδαμῇ
467 2106 625 2190 μηδαμῶς
648 2105 689 2171 δν
711 2111 846 2191 οίχεται,
868 2108 916 2184 εἰς
939 2105 957 2171 δ
981 2105 1022 2172 δέ
1040 2130 1073 2171 τι

62 2215 255 2298 φθείρεται,
283 2212 319 2278 ἐκ
342 2214 463 2277 τούτου
486 2211 541 2277 καί
564 2211 739 2297 γεγονέναι
761 2212 842 2277 αὐτὸ
867 2212 993 2297 ἀνάγκη
1016 2212 1072 2278 καί
1087 2239 1113 2280 ιε

62 2323 215 2403 ἔμπαλιν,
243 2317 275 2396 έξ
304 2313 345 2384 οὗ
373 2342 405 2383 τι
434 2322 575 2403 γίνεται,
602 2320 650 2396 εἰς
677 2328 776 2384 τοῦτο
803 2317 858 2383 καί
886 2321 1072 2405 φθείρεται,

61 2424 117 2490 καί
150 2425 288 2508 γέγονεν
320 2427 384 2512 ἀρα
416 2424 452 2490 ἐκ
484 2433 544 2489 τοῦ
575 2426 732 2510 μηδαμῶς
764 2426 870 2502 όντος.
923 2425 940 2491 ὁ
973 2426 1073 2504 αὐτὸς

63 2533 201 2617 ἁρμόσει
234 2535 332 2615 λόγος
363 2530 419 2596 καί
452 2530 506 2596 ἐτιί
538 2532 672 2598 πάντων
703 2543 770 2598 τῶν
802 2531 988 2617 γινομένων
1017 2532 1072 2599 καί

60 2638 298 2725 φθειρομένων
330 2638 457 2704 ἐνάλων
495 2639 603 2703 εἰδῶν.
648 2637 704 2704 καὶ
736 2638 896 2704 ἐντεῦθεν
927 2641 991 2724 άρα
1020 2638 1072 2705 δέ·

62 2746 205 2830 δεικται,
233 2746 278 2822 ὡς
305 2745 412 2809 πάντα
439 2745 479 2809 τά
506 2747 666 2828 γινόμενα
691 2747 778 2811 καθὸ
802 2749 929 2830 γίνεται
952 2745 988 2811 ἐκ
1011 2755 1071 2810 τοῦ
1085 2772 1112 2812 νο

61 2852 221 2936 μηδαμῶς
244 2853 341 2928 ὄντος
364 2854 491 2934 γίνεται
509 2850 564 2916 καί
582 2853 623 2916 τά
641 2855 849 2937 φθειρόμενα
866 2853 953 2918 καθὸ
972 2856 1071 2937 φθεί-

60 2981 153 3044 ρεται
182 2959 229 3035 εἰς
257 2958 294 3021 τὸ
322 2958 454 3043 μηδαμῇ
482 2958 639 3041 μηδαμῶς
666 2956 707 3023 ὂν
734 2957 920 3024 ἀναλύεται.
965 2960 1071 3036 άλλως

61 3087 97 3128 τε
120 3065 158 3128 τὸ
182 3063 294 3146 λέγειν
312 3065 352 3128 τά
371 3066 473 3129 ἔνυλα
491 3065 563 3148 είδη
582 3067 790 3150 φθειρόμενα
809 3066 856 3143 εἰς
874 3066 911 3129 τὸ
931 3066 1070 3150 δυνάμει

62 3169 269 3236 ἀναλύεσθαι
294 3166 396 3235 οὐδὲν
419 3173 499 3235 ἄλλο
523 3169 615 3236 ἐστὶν
636 3169 656 3254 ἢ
676 3171 713 3235 τὸ
733 3169 844 3254 λέγειν
862 3174 1071 3257 φθειρόμενα

62 3276 146 3341 αὐτά
173 3278 221 3355 εἰς
248 3279 310 3361 τὴν
337 3277 424 3360 ύλην
455 3276 663 3342 ἀναλύεσθαι
695 3276 788 3343 κάκεί
812 3276 816 3364 Ι
841 3276 990 3361 εἰσιέναι,
1012 3293 1052 3334 101·
1061 3295 1122 3335 1⁴⁸2·

62 3389 154 3467 εἰπερ
174 3384 211 3448 τὸ
230 3384 371 3467 δυνάμει
390 3381 482 3448 ἐστίν
499 3383 520 3467 ἡ
538 3383 616 3467 ύλη·
639 3384 669 3448 εἰ
687 3380 725 3448 δί
743 3384 791 3460 εἰς
809 3383 913 3467 αὐτὴν
930 3386 1071 3470 φθειρό-
1084 3412 1110 3453 ιο

62 3512 146 3573 μενα
170 3490 292 3554 εἰσιᾶσι
315 3488 370 3555 καὶ
393 3487 425 3567 ἐξ
449 3489 551 3574 αὐτῆς
574 3492 733 3575 γινόμενα
754 3491 816 3573 τὴν
837 3488 980 3577 ὕπαρξιν
998 3493 1071 3556 ἔλα-

59 3597 131 3678 βεν,
155 3598 287 3660 ἔσονται
311 3591 374 3661 οὖν
397 3595 433 3662 ἐκ
455 3605 516 3660 τοῦ
539 3599 690 3683 χείρονος
711 3597 752 3661 τά
773 3599 960 3681 κρείττονα,
988 3596 1069 3682 ὅπερ

134 3864 157 3911 θ,
178 3863 202 3910 3,
222 3819 399 3928 κατάριθμον
416 3859 448 3914 Μ
529 3865 573 3918 Ιθ.
592 3859 702 3933 duplex
720 3859 812 3931 αἰετὴν
831 3876 871 3914 m
921 3861 1008 3912 mmm

52 3933 94 3978 13.
112 3932 360 3999 pug.366,212q.
453 3938 496 3989 16.
517 3932 561 4000 εἰς
579 3935 682 4011 τουτοί
701 3954 734 3992 εκ
751 3951 863 3991 τουτου
