2394 4208
80 581 119 634 IX
134 587 175 636 15.
195 583 241 654 16]
347 581 396 636 DE
415 580 673 637 AETERNITATE
691 581 812 637 MVNDI
1024 579 1089 644 373

82 743 241 828 γενέσεως
270 743 385 810 ἐδεῖτο.
431 747 460 810 εἰ
484 745 513 810 δ’
537 746 621 822 όλιος
644 746 788 830 διαιρεῖν
810 752 913 809 ταῦτα
936 744 988 809 δεῖ
1015 741 1091 831 (τὴν

80 862 139 935 τῆς
165 852 248 935 ὕλης
275 850 408 934 γένεσιν
434 850 519 935 λέγω
541 851 597 917 καί
618 861 680 917 τοῦ
704 849 841 938 εἴδους),
866 850 1007 934 ὁπηνίκα
1029 847 1090 935 μὲν

80 957 181 1043 τέμνη
208 980 243 1021 τε
271 956 325 1022 καί
353 956 408 1045 ξέη
435 961 514 1036 τοὺς
542 962 662 1036 λίθους
691 956 746 1023 καί
776 960 816 1022 τὰ
846 955 942 1041 ξύλα,
969 955 1024 1021 καί
1052 957 1089 1021 τὸ

81 1072 262 1147 τηνικαῦτα
292 1064 379 1148 ὕλην
410 1064 577 1151 ἐργάζεται
611 1065 750 1151 εὐεργὸν
781 1075 903 1144 ποιῶν,
941 1064 1021 1128 ὅταν
1053 1059 1090 1127 δὲ

81 1171 143 1254 ἤδη
173 1173 355 1254 συντίθησί
380 1194 414 1235 τε
442 1169 497 1236 καλ
526 1170 657 1256 ἁρμόζει
685 1181 787 1235 ταῦτα
815 1170 984 1254 ἀλληλοις,
1017 1171 1090 1234 τότε
1117 1195 1130 1235 5

80 1280 204 1362 κυρίως
231 1276 268 1340 τὸ
297 1273 386 1353 εἶδος
412 1287 470 1362 τῆς
498 1279 605 1354 οἰκίας
627 1278 817 1362 ὑφίστησιν.
862 1274 917 1340 καί
940 1278 1089 1340 καθόλου

82 1381 112 1447 δ’
144 1384 263 1466 εἰπεῖν,
297 1384 326 1447 εἰ
358 1383 395 1448 τὸ
428 1383 577 1469 ἀχρόνους
609 1384 845 1467 ἀπολαμβάυον
877 1385 938 1466 τὴν
970 1380 1090 1447 ἑαυτοῦ

80 1492 268 1573 τελειότητα
291 1490 332 1554 οὐ
356 1493 494 1574 γίνεται,
513 1490 767 1577 ἀναιρεθήσεται
791 1499 879 1554 πᾶσα
897 1488 1037 1573 γένεσις·
1062 1490 1090 1553 εἰ

83 1597 146 1682 γὰρ
176 1597 213 1660 τὸ
244 1598 445 1681 γιγνόμενον
474 1596 511 1662 ἐν
540 1599 649 1685 χρόνῳ
681 1601 829 1680 γίγνεται
859 1594 914 1660 καί
942 1596 984 1660 οὐ
1010 1597 1092 1680 κρό-

80 1725 180 1786 τερον
202 1703 263 1786 τὴν
285 1706 415 1769 τελείαν
437 1702 580 1790 ὕπαρξιν
604 1705 778 1787 λαμβάνει,
805 1701 887 1788 τρίν
910 1703 928 1767 ὁ
951 1702 1089 1788 ὡρισμί-
1105 1728 1130 1767 ιο

81 1833 140 1885 νος
169 1819 208 1894 τῇ
239 1808 365 1892 γενέσει
396 1816 616 1897 συμπερανθῇ
646 1813 780 1896 χρόνος,
810 1812 955 1895 ἄχρονον
984 1804 1021 1873 δὲ
1052 1809 1089 1873 τὸ

81 1924 142 1980 τοῦ
172 1917 296 2002 χρόνου
327 1916 545 2002 συμπέρασμα
574 1918 611 1981 τὸ
642 1925 716 2000 νῦν,
745 1926 813 1981 πᾶν
842 1917 906 2002 ἄρα
935 1916 972 1979 τὸ
1001 1918 1091 1997 γινό-

80 2045 184 2107 μενον
213 2022 361 2108 ἀχρόνους
388 2025 449 2107 τὴν
476 2024 563 2088 καθὸ
588 2027 713 2106 γίνεται
737 2026 924 2106 τελειότητα
946 2021 1091 2105 ἀπολαμ-

81 2130 191 2211 βάνει·
214 2137 282 2192 πᾶν
301 2125 337 2193 δὲ
356 2129 393 2193 τδ
412 2131 473 2213 τὴν
492 2127 613 2194 ἑαυτοῦ
634 2132 819 2212 τελειότητα
842 2128 989 2215 ἄχρόνως
1012 2126 1091 2192 ἀπο-

81 2236 262 2318 λαμβάνον,
281 2237 325 2312 ὥς
344 2253 458 2319 φασιν,
478 2236 519 2301 οὐ
538 2240 676 2319 γίνεται·
700 2232 802 2300 οὐδὲν
825 2238 888 2322 ίίρα
910 2246 977 2299 τῶν
1001 2258 1090 2317 γινο-
1104 2258 1131 2299 15

79 2340 191 2426 με’νων
219 2345 353 2424 γίνεται.
399 2341 482 2406 ὥστε
510 2342 680 2427 ἀναιροῖτο
709 2341 751 2407 ἰλν
779 2341 814 2407 ἐκ
841 2353 908 2407 τῶν
935 2344 1043 2407 ὄντων
1069 2340 1090 2424 ἡ

80 2446 218 2532 γένεσις.

149 2553 207 2629 ςι’.
231 2557 275 2619 Εἰ
295 2549 358 2618 οὖν
372 2563 475 2618 ταῦτα
489 2556 604 2638 όίτοκα,
619 2555 680 2619 οὐκ
695 2556 759 2640 ἄρα
772 2555 853 2639 <τὸ>
868 2553 1016 2639 ιἰχρόνως
1030 2555 1091 2637 τὴν

80 2660 201 2726 ἑαυτοῦ
225 2664 411 2744 τελειότητα
434 2646 671 2745 ’ἀκολαμβιίνον
694 2661 735 2726 οὐ
759 2665 900 2745 γίνεται,
931 2658 1004 2725 οὐδ’
1028 2662 1091 2746 ἄρα

81 2769 138 2832 διὰ
165 2769 202 2832 τὸ
232 2767 380 2852 οἰχρόνως
407 2768 469 2850 τὴν
495 2769 681 2850 τελειότητα
704 2777 771 2832 τῶν
794 2768 895 2832 εἰδῶν
916 2777 987 2843 τοῖς
1008 2766 1089 2831 ὑπο·
1104 2791 1130 2831 ιο

80 2873 244 2959 κειμένοις
272 2877 517 2959 παραγίνεσθαι
548 2870 627 2938 οὐδί
650 2877 806 2957 γίνεσθαι
829 2875 869 2938 τὰ
892 2873 962 2955 είδη
987 2875 1090 2956 φήσο-

79 3004 150 3065 μεν.
175 2979 180 3066 ἰ
206 2980 257 3045 ὅτι
281 2976 318 3044 δὲ
342 2979 383 3043 οὐ
406 2981 512 3064 μόνον
534 2979 555 3063 ἡ
578 2981 741 3066 προσεχὴς
763 2980 826 3063 ὕλη
850 2978 934 3043 ἀλλὰ
957 2977 1010 3043 καί
1029 2996 1069 3036 101·
1077 2997 1142 3037 15²v·

80 3089 121 3151 τδι
144 3089 215 3171 εἰδη
239 3087 304 3152 ὑπό
328 3109 363 3150 τε
386 3097 453 3150 τῶν
476 3087 690 3171 δημιουργῶν
712 3085 766 3151 καί
790 3087 855 3151 ὑπὸ
879 3095 936 3170 τῆς
959 3087 1091 3171 φύσεως

80 3198 223 3277 γίνεται,
257 3194 361 3276 δῆλον
392 3191 447 3256 καί
480 3191 647 3257 ἐντεῦθεν.
698 3191 863 3278 ἐνδέχεται
896 3193 955 3258 τὸν
987 3192 1090 3257 αὐτὸν

80 3305 182 3366 λίθον
205 3297 282 3364 καθ’
306 3300 344 3363 ἓν
366 3297 421 3363 καί
444 3299 481 3363 τὸ
507 3299 586 3364 αὐτὸ
610 3309 718 3384 σχῆμα
740 3296 896 3384 ξεόμενον
915 3289 989 3364 οἷον
1008 3297 1088 3385 φέρε
1103 3322 1129 3364 ιι

80 3409 186 3472 εἰπεῖν
208 3408 529 3490 τετραγωνιζόμενον
551 3403 607 3470 καί
630 3405 674 3482 ὡς
696 3405 782 3489 ὕλην
805 3406 911 3482 οἰκίας
929 3428 1090 3491 τετραγω-

80 3518 231 3592 νίζεσθαι
259 3511 313 3576 καί
342 3513 386 3588 ὡς
414 3511 494 3577 αὐτὸ
525 3514 631 3595 μόνον
659 3513 706 3589 εἰς
733 3511 903 3598 καθέδραν
931 3511 1090 3596 ἐσόμενον

80 3619 278 3703 ἐπιτήδειον.
324 3619 353 3682 εἰ
377 3613 440 3683 οὖν
463 3641 513 3695 τις
539 3619 582 3702 μὴ
611 3619 655 3694 ὡς
682 3619 768 3701 ὕλην
795 3619 902 3694 οἰκίας
929 3641 1089 3702 τετραγω-

78 3731 163 3805 νίζοι
192 3727 252 3789 τὸν
280 3729 380 3789 λίθον
408 3722 478 3788 ἀλλ’
506 3724 630 3806 ἁπλῶς,
658 3725 714 3788 ἵνα
741 3727 874 3810 βόθρον
896 3723 915 3808 ἢ
940 3724 1089 3809 καθέδρα

149 3889 189 3935 12,
210 3881 342 3948 κανίρα
372 3901 450 3952 τιαρα
469 3882 499 3936 Μ
593 3888 637 3940 13.
655 3878 1012 3960 τελίειλοτητα,οιι,δαὶ

67 3956 108 4001 18,
129 3952 160 4003 τό
178 3951 242 4004 add.
261 3950 320 4005 Kro
