2348 4290
72 540 113 594 ιιι
132 539 177 613 ιι]
340 536 389 593 οε
406 537 665 594 mmmm
683 536 804 593 mm
1011 537 1076 601 461

65 702 238 788 τεσσάρων
271 705 447 787 στοιχείων
482 705 688 786 συνίστησιν.
731 698 807 787 περὶ
842 695 903 785 μὲν
931 694 1078 765 οὖντοῦ

66 808 231 894 οὐρανίου
258 809 408 893 σώματος
435 806 472 874 έν
500 805 622 895 ἑτάροις
648 808 892 892 ὑπομνησομεν.
917 804 922 892 Ι
947 806 997 871 ὅτι
1021 823 1061 862 101.
1070 825 1136 864 ενοι.

67 912 107 980 δὲ
135 912 190 979 καλ
217 915 258 978 τά
284 913 426 1000 ἡμέτερα
452 915 587 1000 σώματα
608 912 664 979 καλ
686 915 817 979 τάττων
839 918 967 978 λοιπῶν
990 910 1082 1000 ζῴων

68 1020 106 1085 ἐκ
120 1031 188 1085 τῶν
205 1021 375 1106 τεσσάρων
393 1025 566 1107 στοιχείων
584 1025 784 1105 συντίθησιν
802 1017 915 1106 (τοῦτο
934 1021 997 1105 γδρ
1015 1028 1081 1083 νῦν

66 1152 128 1212 μοι
158 1125 266 1213 χρῄζει
297 1126 315 1192 ό
345 1125 475 1215 λόγος),
505 1129 606 1194 άκουε
634 1128 736 1192 πάλιν
766 1126 870 1192 αὐτοῦ
901 1126 1081 1202 Πλάτωνος
1109 1151 1121 1192 ε

69 1233 242 1317 λέγοντος·
283 1231 350 1298 εκαί
382 1233 400 1299 ό
432 1230 494 1319 μέν
526 1233 592 1319 δήῗ,
627 1237 743 1318 φησίν,
775 1233 891 1297 ’ταῦτα
917 1230 1081 1308 διατάξας

69 1339 177 1428 (λέγει
207 1337 244 1404 δέ
273 1338 350 1426 περὶ
376 1349 438 1406 τοῦ
466 1341 673 1428 δημιουργοῦ
700 1348 761 1405 τοῦ
788 1335 927 1426 παντός)
955 1339 1082 1423 Ἱμενεν

70 1447 112 1512 έν
137 1454 183 1534 τῷ
212 1444 332 1512 ἑαυτοῦ
354 1449 437 1513 κατὰ
459 1450 586 1534 τρόπον
607 1449 702 1532 ἤθει,
724 1444 884 1531 μένοντος
907 1440 945 1510 δέ
968 1443 1082 1528 ἐννοή-

69 1571 189 1630 σαντες
221 1553 254 1617 ολ
285 1554 402 1631 παίδες
432 1556 495 1638 την
526 1563 587 1620 τοῦ
618 1554 743 1639 πατρὸς
776 1550 871 1630 τάξιν
906 1550 1083 1616 ἐπείθοντο

71 1660 156 1745 αὐτῇ
186 1657 240 1724 καί
264 1661 423 1743 λαβόντες
446 1659 552 1746 ἀρχὴν
574 1659 754 1726 ἀθάνατον
769 1665 899 1743 θνητοῦ
923 1654 1009 1745 ζςόου
1032 1682 1084 1742 μι-
1098 1687 1125 1726 ιο

72 1766 237 1850 μούμενοι
268 1765 329 1831 τὸν
360 1765 526 1853 σφέτερον
561 1767 770 1853 δημιουργὸν
800 1766 907 1851 πυρὸς
938 1763 993 1828 καλ
1025 1774 1084 1848 γῆς

71 1872 197 1948 ὕδατός
226 1894 261 1936 τε
291 1871 347 1937 καὶ
380 1872 477 1960 ἀέρος
509 1872 573 1940 ἀπὸ
605 1882 666 1939 τοῦ
697 1875 826 1957 κόσμου
859 1870 1084 1954 δανειζόμενοι

72 1979 176 2063 μόρια
198 1978 243 2055 ὡς
265 1978 547 2070 ἀποδοθησόμενα
568 1981 670 2045 πάλιν
693 1981 741 2057 ελς
763 1979 886 2044 ταύτὸν
903 1978 943 2042 τά
961 1979 1084 2061 λαμβα-

73 2087 200 2169 νόμενα
229 2081 455 2160 ξυνεκόλλων’.
503 2086 521 2152 ό
550 2086 650 2164 αὐτὸς
677 2088 741 2172 άρα
770 2085 913 2151 Πλάτων
940 2082 995 2149 καὶ
1025 2085 1085 2166 τὴν

74 2200 140 2275 γῆν
172 2189 397 2276 ἀμετάβλητον
429 2195 477 2271 εἰς
507 2193 548 2258 τὰ
578 2194 680 2259 λοιπὰ
711 2192 857 2278 στοιχείά
885 2208 991 2275 φησιν
1017 2201 1085 2254 τῶν
1099 2219 1125 2260 ιι

75 2299 188 2363 άλλων
216 2302 389 2384 στοιχείων
421 2301 469 2377 ελς
498 2301 624 2384 άλληλα
654 2301 929 2384 μεταβαλλόντων
960 2295 1016 2362 καὶ
1046 2299 1086 2361 τά

76 2415 146 2469 τῶν
172 2411 311 2488 θνητῶν
338 2402 430 2492 ζῴων
458 2406 592 2491 σώματα
614 2404 669 2472 καλ
692 2417 760 2471 τῶν
782 2409 909 2470 λοιπῶν
932 2401 1086 2468 ἁπάντων

76 2510 113 2576 έκ
136 2521 204 2575 τῶν
227 2510 338 2577 αὐτῶν
359 2513 489 2578 τούτων
505 2514 676 2600 τεσσάρων
695 2514 868 2597 στοιχείων
886 2515 1085 2593 συγκείσθω

76 2619 241 2701 βούλεται.
286 2627 389 2683 ταῦτα
416 2615 454 2684 δδ
476 2621 645 2705 μαχόμενά
666 2617 705 2684 τί
725 2618 817 2684 ἐστιν
839 2614 895 2682 καλ
917 2614 1084 2699 ἀσύγκλω-

78 2742 139 2791 στα
161 2722 216 2788 καλ
239 2724 281 2789 οὐ
304 2728 401 2791 λίνον
424 2729 505 2812 λίνῳ
530 2726 757 2802 συνάπτοντος
783 2724 866 2790 κατὰ
888 2723 949 2807 τὴν
971 2743 1086 2808 παροι-
1101 2751 1127 2792 ιο

77 2834 169 2915 μίαν,
199 2828 285 2915 λέγω
316 2833 356 2914 δὴ
387 2833 423 2898 τὸ
454 2831 510 2897 καλ
539 2833 602 2917 την
627 2841 692 2916 γῆν
721 2830 947 2916 ἀμετάβλητον
973 2831 1021 2907 είς
1048 2831 1088 2894 τά

79 2937 179 3002 λοιπά
207 2934 317 3020 λέγειν
344 2935 399 3002 καὶ
426 2938 467 3002 τὰ
494 2938 642 3003 σύνθετα
669 2935 706 3002 έν
727 2947 796 3001 τῶν
817 2935 986 3021 τεσσάρων
1008 2954 1087 3021 συγ-

79 3049 214 3109 κελσθαι
252 3047 434 3129 στοιχείων.
490 3045 520 3108 ελ
550 3039 612 3128 μέν
643 3044 707 3129 γὰρ
739 3042 760 3126 ἡ
792 3052 834 3126 γῆ
866 3040 1087 3127 ἀμετάβλητός

80 3149 182 3234 ἐστιν,
214 3147 316 3215 οὐδὲν
345 3161 412 3214 τῶν
440 3149 614 3217 συνθέτων
646 3149 682 3215 έκ
709 3159 777 3213 τῶν
802 3148 972 3234 τεσσάρων
1000 3167 1088 3214 στοι-

80 3260 180 3343 χείων
198 3256 412 3342 συνέστηκεν·
435 3259 465 3322 ελ
484 3253 522 3323 δέ
540 3256 576 3323 ἐκ
593 3267 662 3322 τῶν
679 3256 849 3341 τεσσάρων
866 3255 908 3319 τὰ
930 3256 1088 3339 σύνθετα,
1102 3283 1128 3325 ιτ

81 3363 250 3428 ἀδύνατον
279 3358 366 3427 ελναι
395 3365 457 3446 τὴν
485 3372 550 3447 γῆν
579 3364 627 3440 είς
655 3364 696 3428 τά
723 3362 822 3427 λοιπά
851 3360 1089 3445 ἀμετάβλητον·

81 3466 184 3537 οὐδὲν
211 3470 274 3556 γδρ
304 3469 340 3536 έν
362 3480 432 3547 τοῖς
455 3467 633 3547 συνθέτοις
657 3468 805 3555 ἐνεργείᾳ
827 3478 895 3532 τῶν
917 3472 1090 3553 στοιχείων

154 3704 179 3752 6.
198 3697 270 3751 Plat.
290 3697 359 3752 Tim.
379 3698 442 3753 λθΕ
542 3697 654 3753 ἅπαντα
672 3705 760 3752 ταῦτα
779 3695 851 3751 plat.
957 3697 1089 3762 διαταξα-

82 3771 167 3838 σΙθαι
185 3769 235 3840 τε]
253 3768 282 3821 Μ
362 3774 386 3825 8.
402 3775 426 3824 9.
446 3768 596 3837 νοήσαντες
613 3767 685 3823 plat.
773 3774 813 3823 10.
833 3764 982 3822 ἀθάνατον
1000 3767 1090 3839 ἀρχὴν

83 3839 188 3965 Ρλεελε17
216 3839 584 3966 Μ10.11χ.1μημουμενοιΜ
674 3845 715 3894 13.
736 3837 819 3908 μόρια
837 3837 921 3910 PlatJ
940 3858 1042 3907 μυριας
1060 3839 1089 3892 Μ

191 3955 197 3966 .
249 3929 315 3965 ιπον
