2394 4208
56 561 110 636 xl]
325 560 648 617 οπλσυοααινκοπ
666 560 787 617 mm
997 561 1063 627 405

219 815 395 899 Κεφάλαια
416 823 473 899 τῆς
495 815 621 892 λύσεως
642 823 703 879 τοῦ
727 812 774 879 ια’
793 816 906 897 λόγου.

126 935 169 1003 α’.
203 942 282 1021 Πῶς
311 933 373 1021 μὲν
399 939 432 1003 ολ
460 937 524 1004 ἀπὸ
554 940 764 1025 Πυθαγόρου
792 938 847 1004 καὶ
875 940 1066 1022 Πλάτωνος,

57 1055 130 1122 πῶς
162 1041 199 1110 δὲ
227 1045 259 1110 ολ
288 1043 351 1109 άπὸ
379 1054 436 1129 τῆς
464 1049 572 1122 Στοᾶς
601 1043 677 1132 περὶ
706 1055 763 1130 τῆς
792 1045 874 1128 ὕλης
904 1043 1066 1124 ἐδόξαζον.

59 1149 98 1217 ἐν
121 1142 163 1238 β,
187 1151 237 1216 ὕτι
261 1149 420 1216 οὐδέποτε
443 1152 551 1235 γυμνὴ
575 1161 642 1215 τῶν
665 1152 765 1216 εἱδῶν
788 1151 878 1218 ἐστιν
901 1152 921 1234 η
944 1151 1016 1234 ὕλη.

126 1254 170 1338 β’.
199 1260 272 1322 Τίσι
294 1258 408 1341 λόγοις
430 1258 740 1340 κατασκευάζουσιν,
763 1258 813 1324 ὅτι
837 1256 874 1323 τέ
895 1256 984 1323 ἐστιν
1006 1259 1066 1341 μία
1092 1281 1105 1323 ο

58 1360 116 1428 καλ
143 1363 163 1445 η
191 1362 273 1446 αὕτη
300 1373 403 1428 πᾶσιν
429 1372 499 1439 τοῖς
524 1373 681 1448 φυσικοῖς
703 1361 901 1449 ὑποκειμένη
925 1362 988 1446 ὕλη
1012 1362 1066 1427 καὶ

58 1468 111 1534 ὅτι
135 1467 284 1546 άνείδεός
308 1467 397 1535 ἔστιν
420 1469 501 1554 αὕτη
525 1468 580 1535 καὶ
603 1469 832 1554 άμετάβλητος.

128 1573 171 1658 γ’.
195 1573 281 1660 Ὅτι,
311 1573 354 1640 δι’
384 1571 432 1642 ὧν
462 1576 630 1643 δείκνυται
663 1579 783 1661 λόγων,
816 1577 867 1641 ὕτι
897 1579 988 1643 ἔστιν
1017 1599 1067 1653 τις

57 1684 120 1766 μία
143 1682 237 1765 κοινὴ
260 1683 394 1748 πάντων
415 1682 494 1766 ὕλη,
523 1680 568 1747 δι’
589 1683 699 1748 αὐτῶν
721 1685 849 1748 τούτων
871 1682 1067 1749 ἀποδείκνυ-

59 1812 130 1870 ται,
154 1788 204 1852 ότι
227 1788 289 1855 οὐκ
312 1791 403 1855 ἔστιν
425 1787 445 1871 ἡ
468 1787 682 1874 θρυλουμένη
707 1787 878 1872 ἀσώματος
899 1785 954 1853 καὶ
978 1787 1065 1853 ἀνεί-
1079 1813 1107 1853 10

61 1895 139 1973 δεος
160 1895 239 1978 ὕλη,
262 1893 346 1965 ἀλλὰ
367 1895 404 1959 τὸ
428 1895 549 1959 άποιον
572 1904 665 1979 σῶμα
687 1897 785 1960 τοῦτό
810 1893 955 1960 ἐστιντὸ
975 1896 1067 1978 ἔσχα-

60 2024 123 2066 τον
145 2000 366 2084 ὑποκείμενον
387 1998 443 2065 καὶ
465 1999 485 2083 ἡ
507 2001 619 2086 πρώτη
642 2000 715 2085 ὕλη.

131 2107 151 2170 δ
155 2103 173 2171 '.
196 2107 258 2182 Εἰς
275 2105 473 2170 τούναντίον
491 2106 758 2191 συνηγορία,“ότι
775 2108 813 2173 τὸ
833 2108 952 2174 άποιον
975 2117 1069 2191 σῶμα

61 2213 126 2281 οὐκ
154 2215 244 2278 ἔστιν
271 2212 506 2297 ἀμετάβλητον,
533 2205 553 2298 ᾗ
580 2215 736 2278 τοιοῦτόν
764 2212 865 2300 ἐστιν,
893 2214 1008 2279 διὰτὸ
1033 2212 1068 2278 ἐκ
1178 2251 1188 2275 ι

60 2329 184 2406 μικροῦ
216 2317 299 2402 μέγα
329 2323 484 2403 γίνεσθαι
515 2315 570 2383 καὶ
604 2317 639 2384 ἐκ
669 2320 815 2403 μεγάλου
846 2322 976 2406 μικρόν,
1011 2318 1067 2385 καὶ
1082 2344 1107 2386 ιε

61 2429 195 2510 ἔλεγχος
222 2427 357 2509 ταύτης,
387 2424 438 2490 ότι
468 2424 543 2510 οὐχ,
572 2418 595 2511 ᾗ
624 2427 717 2511 σῶμά
745 2425 845 2509 ἐστιν,
874 2428 1067 2510 μεταβάλλει

62 2533 147 2596 ἀλλά
169 2534 251 2596 κατά
273 2533 445 2615 ποσότητα
483 2530 520 2596 ἐν
542 2523 584 2619 β,
608 2532 658 2597 ὅτι
678 2532 718 2598 οὐ
737 2533 859 2599 ταύτόν
878 2533 967 2599 ἐστιν
985 2532 1070 2617 μέγα

59 2663 94 2704 τι
120 2634 204 2703 εἶναι
227 2637 338 2721 λέγειν
359 2636 380 2720 ἢ
403 2639 523 2724 μικρὸν
545 2636 600 2703 καλ
623 2648 717 2725 τριχῇ
740 2640 917 2705 διαστατὸν
940 2635 1025 2704 εἶναι
1047 2639 1068 2723 ἢ

62 2745 150 2820 ὄλοος
175 2755 275 2828 σῶμα

130 2847 168 2915 ε’.
191 2848 261 2913 Ὅτι
285 2848 452 2915 ἀδύνατον
480 2860 624 2934 στοιχεῖα
647 2845 733 2916 εἶναι
756 2862 823 2916 τῶν
846 2852 1007 2935 σωμάτιον
1028 2853 1109 2916 τάιο

63 2958 308 3041 συμβεβηκότα,
336 2957 419 3023 ὥστε
447 2955 479 3037 ἐξ
508 2957 618 3023 αὐτῶν
645 2956 700 3025 καλ
728 2968 785 3042 τῆς
811 2959 893 3043 ὕλης
920 2953 1004 3023 εἶναι
1029 2959 1069 3022 τὰ

62 3064 211 3129 σύνθετα
233 3064 374 3147 σώματα.

131 3167 172 3245 ς’.
200 3166 270 3247 Ὅτι
303 3170 380 3244 οὕτε
415 3179 504 3236 πᾶσα
538 3173 674 3254 ποιότης
706 3171 782 3237 οὕτε
813 3173 957 3256 ποσότης
987 3188 1069 3255 συμ-

61 3277 204 3358 βεβηκός
231 3273 333 3358 ἐστιν,
361 3273 430 3339 ἀλλ’
454 3278 544 3341 ἔστιν
571 3276 732 3354 οὐσιῶδες
754 3277 861 3344 ποσὸν
883 3274 938 3342 καὶ
960 3279 1068 3345 ποιόν.

60 3380 118 3461 καὶ
151 3382 202 3447 ὕτι
232 3382 270 3447 τὸ
304 3381 340 3454 ἐν
376 3391 445 3459 τοῖς
482 3383 632 3468 σώμασιν
668 3383 926 3451 αὐῦυπόστατον
960 3381 1015 3448 καὶ
1046 3383 1109 3468 ηπ

62 3489 175 3565 ἁπλῶς
198 3487 297 3552 οὐσία
318 3489 355 3552 τὸ
379 3487 536 3575 άόριστόν
557 3488 648 3554 ἐστιν
666 3500 759 3578 τριχῇ
779 3492 956 3556 διαστατὸν
974 3493 1067 3575 ἔσχα-

61 3620 123 3662 τον
147 3595 187 3660 δν
208 3596 343 3659 πάντων
366 3593 594 3680 ὑποκείμενον.

110 3863 159 3979 Ara.
178 3875 295 3928 τηστοας
311 3857 342 3910 Μ
412 3863 453 3915 16,
474 3859 584 3934 σωμα[σ
602 3861 688 3934 eras}
703 3859 740 3917 Ἃ
811 3865 861 3915 (λῦ.
876 3858 950 3914 {m
966 3854 1099 3929 φυστὴ

54 3944 113 3980 ποτ
141 3946 176 3994 ης
