2394 4208
10 39 938 336 -.q

52 517 95 572 IV
111 518 141 589 9]
334 517 381 571 DE
400 517 657 573 AETERNITATE
676 518 798 573 MVNDI
1030 522 1070 584 77

53 683 123 764 γὰρ
153 675 234 745 οὐδὲ
264 678 439 766 διαφέρειν
466 679 520 747 ἐπὶ
546 688 633 747 θεοῦ
662 679 732 758 ἕξιν
758 705 793 747 τε
820 681 875 747 καί
903 681 1074 769 ἐνέργειαν

55 787 170 870 λέγειν
192 789 346 871 θεμιτόν·
374 789 465 853 ἐστιν
492 789 554 874 γάρ
579 788 701 853 ταύτὸν
728 790 843 873 ἄμφω,
870 787 946 874 περὶ
975 787 1011 854 δὲ
1034 791 1071 854 τὸ

55 893 197 978 μετέχον
219 894 240 977 ή
264 894 411 980 διαφορὰ
433 897 575 977 γίνεται·
598 896 719 980 μικρὸν
742 891 779 960 δὲ
800 897 934 961 ἄνωθεν
952 895 1073 961 ἀναλα-

53 1002 130 1084 βὼν
154 1001 211 1065 διά
233 1024 325 1078 τινος
347 1002 477 1079 εἰκόνος
499 1002 537 1066 τὸ
561 1004 743 1087 λεγόμενον
765 1003 915 1087 φανερὸν
937 1012 1073 1087 ποιήσαι

54 1108 265 1192 πειράσομαι.
312 1107 424 1191 διττῆς
447 1109 509 1193 γάρ
533 1108 636 1192 οὔσης
662 1110 768 1192 πάσης
795 1108 988 1194 ἐπιστήμης,
1015 1119 1074 1194 τῆς
1100 1135 1113 1175 ο

56 1210 120 1298 μὲν
144 1213 182 1279 έν
204 1223 244 1299 τῇ
262 1224 321 1298 της
338 1224 447 1299 ψυχῆς
466 1212 616 1280 διαθέσει
634 1214 879 1300 θεωρουμένης,
901 1217 945 1299 ήν
963 1239 1074 1300 φαμεν

55 1324 210 1405 θεωρίαν
232 1342 267 1384 τε
290 1318 346 1384 καί
369 1323 498 1404 νόησιν,
521 1330 579 1405 τῆς
602 1318 638 1387 δέ
662 1320 716 1386 έπί
738 1323 779 1386 τά
801 1320 862 1399 ἐξω
880 1324 1073 1408 προϊούσης,

57 1427 104 1503 ὡς
134 1427 217 1490 ὅταν
245 1428 361 1503 ἄλλοις
389 1427 448 1504 τάς
473 1425 631 1512 ἡμετέρας
658 1424 904 1512 ἐξαγγέλλωμεν
930 1431 1073 1513 νοήσεις,

58 1532 203 1616 ὁπηνίκα
225 1529 287 1617 μὲν
310 1532 347 1598 έν
369 1540 415 1620 τςῖ
438 1543 532 1599 νοεῖν
553 1536 659 1618 μόνον
682 1531 737 1598 καὶ
759 1540 903 1619 θεωρεῖν
925 1536 983 1612 τάς
1004 1534 1072 1600 έπι-

56 1642 184 1724 στήμας
206 1642 342 1724 ἔχωμεν,
365 1637 442 1704 καθ’
465 1637 535 1717 ἕξιν
557 1640 659 1716 αὐτὰς
682 1642 770 1723 ἔχειν
792 1642 969 1723 λεγόμεθα,
992 1641 1072 1726 όπη-
1086 1669 1112 1707 ιο

57 1750 137 1811 νίκα
160 1741 197 1810 δέ
220 1747 282 1829 τήν
304 1755 363 1829 τῆς
385 1755 493 1830 ψυχῆς
514 1749 663 1830 θεωρίαν
685 1743 706 1829 ἣ
730 1745 786 1809 διὰ
809 1755 876 1810 τῶν
896 1749 1074 1829 συλλαβῶν

58 1850 115 1917 ἐπὶ
138 1853 179 1914 τὰ
200 1849 261 1928 ἔξω
283 1849 506 1937 προφέρωμεν
533 1852 578 1928 ὡς
605 1849 658 1917 ἐπὶ
680 1861 749 1915 τῶν
771 1855 917 1935 λογικῶν
944 1851 1073 1936 ἐπιστη-

58 1967 144 2040 μῶν,
175 1956 218 2040 ἣν
244 1955 299 2021 καὶ
329 1958 548 2023 διδασκαλίαν
574 1961 755 2042 καλοῦμεν,
784 1956 805 2040 ἢ
837 1958 894 2022 διά
920 1968 978 2042 τῆς
1007 1969 1074 2023 τῶν

58 2073 183 2148 χειρῶν
201 2063 369 2150 ἐνεργείας
388 2065 432 2142 ὡς
450 2063 504 2129 ἐπὶ
523 2074 590 2128 τῶν
607 2075 808 2149 πρακτικῶν,
826 2066 899 2129 τότε
917 2066 999 2129 κατά
1016 2067 1074 2143 τὰς

57 2169 143 2247 ἕξεις
166 2168 316 2255 ἐνεργεῖν
339 2173 513 2255 λεγόμεθα,
551 2171 659 2255 ὥσπερ
684 2166 747 2236 οὖν
769 2169 823 2236 ἐπὶ
841 2180 908 2235 τῶν
929 2174 1073 2254 λογικῶν
1088 2197 1113 2238 ιο

58 2276 251 2360 ἐπιστημῶν
276 2281 312 2340 εί
330 2300 380 2354 τις
402 2279 531 2361 γυμνάς
557 2277 659 2354 αὐτὰς
686 2274 763 2343 καθ’
786 2277 887 2354 αὑτάς
914 2278 1074 2363 σωμάτων

57 2384 117 2460 τάς
139 2381 299 2468 ἡμετέρας
321 2385 429 2469 ψυχὰς
452 2382 673 2468 ἐπινοήσειεν,
701 2379 791 2449 εἶδεν
818 2382 861 2448 άν
888 2384 990 2461 αὐτάς
1017 2385 1073 2448 οὐ-

59 2491 158 2567 δενὸς
181 2488 292 2555 οὐκέτι
317 2488 476 2574 δεομένας
497 2489 643 2575 ὀργάνου
663 2490 711 2566 είς
728 2492 766 2555 τὸ
785 2489 958 2574 ἐκφαίνειν
975 2491 1073 2574 άλλή-

58 2601 135 2674 λαις
157 2598 215 2674 τάς
238 2598 362 2673 οἰκείας
385 2595 531 2680 ἐννοίας,
559 2595 642 2661 άλλά
664 2606 806 2681 γυμνοῖς
828 2607 899 2674 τοῖς
921 2597 1074 2681 ἀλλήλων

57 2704 336 2788 προσβαλλούσας
365 2705 543 2787 νοήμασιν,
576 2702 620 2779 ὡς
649 2703 813 2787 μηδεμίαν
843 2703 962 2768 λοιπὸν
992 2702 1072 2767 αὐτὸ
1087 2729 1114 2769 ιο

58 2811 144 2894 πρὸς
166 2807 264 2875 ἑαυτὸ
289 2810 457 2894 διαφοράν
481 2815 586 2893 ἴσχειν
608 2811 646 2874 τό
668 2832 703 2873 τε
726 2808 802 2875 καθ’
826 2807 895 2886 ἕξιν
917 2815 1074 2893 θεωροῦν

59 2915 115 2981 καί
138 2917 176 2980 τὸ
200 2917 248 2993 είς
266 2918 347 2981 ἄλλο
366 2913 435 2981 κατ’
454 2914 586 2999 ἐκείνην
603 2917 664 2999 τήν
684 2918 803 2999 νόησιν
822 2917 827 2999 Ι
847 2915 1126 3000 ένεργοῦνμοιεεν.

59 3024 123 3105 τήν
154 3018 192 3087 δὲ
224 3020 439 3108 άλλοιοτέραν
469 3022 624 3087 διάθεσιν
655 3020 731 3106 περὶ
763 3023 843 3086 ἄλλο
873 3045 904 3085 τι
936 3022 974 3086 τὸ
1006 3033 1074 3087 τῶν

59 3128 192 3193 ἐκείνου
215 3128 390 3212 νοημάτων
412 3127 741 3212 ἀντιλαμβανόμενον
767 3126 962 3211 γινομένην,
985 3129 1072 3193 οὕτω

60 3235 171 3319 δήπου
195 3232 250 3299 καὶ
274 3235 303 3299 εί
326 3235 408 3299 κατά
429 3236 488 3312 τὰς
510 3235 690 3320 πρακτικάς
712 3237 857 3318 θεωρίας
882 3235 1008 3317 δυνατή
1030 3229 1074 3317 ἦν
1087 3261 1113 3302 τι

57 3341 80 3424 ή
100 3342 190 3425 ψυχή
209 3342 290 3406 ἄνευ
310 3342 401 3418 τινὸς
420 3340 567 3426 ὀργάνου
587 3340 669 3426 αὐτῇ
688 3343 773 3425 μόνη
792 3349 830 3426 τῇ
850 3344 974 3426 νοήσει,
992 3340 1074 3404 ὅταν

59 3449 231 3531 βούλοιτο,
253 3447 417 3532 παράγειν
434 3448 474 3511 τά
494 3448 575 3512 κατὰ
593 3449 651 3523 τὰς
669 3449 801 3531 νοήσεις
819 3444 1073 3530 ἀποτελέσματα,

58 3549 165 3618 οὐδέν
186 3552 230 3617 άν
251 3553 353 3617 πάλιν
376 3551 531 3638 διέφερεν
553 3553 573 3636 ή
596 3551 671 3638 περί
692 3563 760 3617 τῶν
777 3555 979 3638 πραγμάτων
996 3555 1072 3637 νόη-

57 3663 113 3737 σίς
136 3682 171 3724 τε
194 3657 249 3723 καὶ
272 3657 338 3737 ἕξις
359 3668 418 3743 τῆς
440 3656 509 3724 κατ’
532 3659 638 3743 αὐτήν
655 3658 822 3745 ἐνεργείας
842 3657 897 3723 καὶ
915 3656 1071 3745 πράξεως.

58 3817 256 3956 ¹³²lryl'giww
274 3815 304 3869 Μ
371 3820 412 3870 20.
432 3816 644 3889 νοηματήνῙΜ
712 3825 755 3879 26.
777 3820 816 3900 εί]
835 3819 853 3896 ἡ
871 3821 905 3880 M
974 3826 1026 3878 (ιθ,
1044 3822 1095 3879 ολι-
