<?xml version="1.0" encoding="UTF-8"?>
<!DOCTYPE html PUBLIC "-//W3C//DTD XHTML 1.0 Transitional//EN"
    "http://www.w3.org/TR/xhtml1/DTD/xhtml1-transitional.dtd">
<html xmlns="http://www.w3.org/1999/xhtml" xml:lang="en" lang="en">
 <head>
  <title>
</title>
<meta http-equiv="Content-Type" content="text/html;charset=utf-8" />
  <meta name='ocr-system' content='tesseract 3.04.00' />
  <meta name='ocr-capabilities' content='ocr_page ocr_carea ocr_par ocr_line ocrx_word'/>
</head>
<body>
  <div class='ocr_page' id='page_1' title='image "./ioannesphilopon00philgoog_0216.png"; bbox 0 0 2394 4208; ppageno 0'>
   <div class='ocr_carea' id='block_1_1' title="bbox 10 25 896 361">
    <p class='ocr_par' dir='ltr' id='par_1_1' title="bbox 10 25 896 361">
     <span class='ocr_line' id='line_1_1' title="bbox 803 26 896 43; baseline 0.011 -1"><span class='ocrx_word' id='word_1_1' title='bbox 803 26 896 43; x_wconf 63' lang='grc' dir='ltr'><strong><em>-ν-υ-</em></strong></span> 
     </span>
     <span class='ocr_line' id='line_1_2' title="bbox 10 25 852 361; baseline 0 0"><span class='ocrx_word' id='word_1_2' title='bbox 10 25 852 361; x_wconf 94' lang='grc'>-</span> 
     </span>
     <span class='ocr_line' id='line_1_3' title="bbox 825 178 833 197; baseline 0 0"><span class='ocrx_word' id='word_1_3' title='bbox 825 178 833 197; x_wconf 74' lang='grc' dir='ltr'><strong>ι</strong></span> 
     </span>
    </p>
   </div>
   <div class='ocr_carea' id='block_1_2' title="bbox 99 594 1107 669">
    <p class='ocr_par' dir='ltr' id='par_1_2' title="bbox 99 594 1107 669">
     <span class='ocr_line' id='line_1_4' title="bbox 99 594 1107 669; baseline 0.015 -20"><span class='ocrx_word' id='word_1_4' title='bbox 99 594 141 650; x_wconf 75' lang='grc' dir='ltr'><strong><em>τι</em></strong></span> <span class='ocrx_word' id='word_1_5' title='bbox 154 596 200 669; x_wconf 79' lang='grc' dir='ltr'><strong><em>ιι]</em></strong></span> <span class='ocrx_word' id='word_1_6' title='bbox 365 595 414 650; x_wconf 77' lang='grc' dir='ltr'><strong><em>οε</em></strong></span> <span class='ocrx_word' id='word_1_7' title='bbox 432 595 689 652; x_wconf 66' lang='lat' dir='ltr'><strong><em>mmmm</em></strong></span> <span class='ocrx_word' id='word_1_8' title='bbox 707 596 828 653; x_wconf 73' lang='grc' dir='ltr'><strong><em>ωτυοι</em></strong></span> <span class='ocrx_word' id='word_1_9' title='bbox 1043 598 1107 663; x_wconf 85' lang='grc'><strong><em>199</em></strong></span> 
     </span>
    </p>
   </div>
   <div class='ocr_carea' id='block_1_3' title="bbox 89 759 1158 3713">
    <p class='ocr_par' dir='ltr' id='par_1_3' title="bbox 89 759 1158 3713">
     <span class='ocr_line' id='line_1_5' title="bbox 95 759 1108 846; baseline 0.003 -23"><span class='ocrx_word' id='word_1_10' title='bbox 95 769 241 824; x_wconf 87' lang='grc' dir='ltr'><strong><em>ποιεῖται</em></strong></span> <span class='ocrx_word' id='word_1_11' title='bbox 268 761 329 842; x_wconf 81' lang='grc' dir='ltr'><strong><em>την</em></strong></span> <span class='ocrx_word' id='word_1_12' title='bbox 350 763 484 844; x_wconf 89' lang='grc' dir='ltr'><strong><em>κίνησιν</em></strong></span> <span class='ocrx_word' id='word_1_13' title='bbox 506 759 561 825; x_wconf 89' lang='grc' dir='ltr'><strong><em>καί</em></strong></span> <span class='ocrx_word' id='word_1_14' title='bbox 584 763 644 826; x_wconf 87' lang='grc' dir='ltr'><strong><em>τὸν</em></strong></span> <span class='ocrx_word' id='word_1_15' title='bbox 666 761 769 827; x_wconf 85' lang='grc' dir='ltr'><strong><em>αὐτὸν</em></strong></span> <span class='ocrx_word' id='word_1_16' title='bbox 792 760 842 826; x_wconf 79' lang='grc' dir='ltr'><strong><em>ἀεὶ</em></strong></span> <span class='ocrx_word' id='word_1_17' title='bbox 866 759 1108 846; x_wconf 79' lang='grc' dir='ltr'><strong><em>ἐκπεριέρχεται</em></strong></span> 
     </span>
     <span class='ocr_line' id='line_1_6' title="bbox 95 864 1107 952; baseline 0.003 -22"><span class='ocrx_word' id='word_1_18' title='bbox 95 868 223 930; x_wconf 94' lang='grc' dir='ltr'><strong><em>κύκλον</em></strong></span> <span class='ocrx_word' id='word_1_19' title='bbox 250 864 286 930; x_wconf 78' lang='grc' dir='ltr'><strong><em>ἐκ</em></strong></span> <span class='ocrx_word' id='word_1_20' title='bbox 313 877 380 930; x_wconf 82' lang='grc' dir='ltr'><strong><em>τῶν</em></strong></span> <span class='ocrx_word' id='word_1_21' title='bbox 407 866 519 931; x_wconf 80' lang='grc' dir='ltr'><strong><em>αὐτῶν</em></strong></span> <span class='ocrx_word' id='word_1_22' title='bbox 545 866 596 932; x_wconf 79' lang='grc' dir='ltr'><strong><em>ἀεὶ</em></strong></span> <span class='ocrx_word' id='word_1_23' title='bbox 620 871 764 952; x_wconf 82' lang='grc' dir='ltr'><em>σημείων</em></span> <span class='ocrx_word' id='word_1_24' title='bbox 786 869 844 946; x_wconf 84' lang='grc' dir='ltr'><strong><em>τὰς</em></strong></span> <span class='ocrx_word' id='word_1_25' title='bbox 867 867 1028 944; x_wconf 75' lang='grc' dir='ltr'><strong><em>ἀνατολὰς</em></strong></span> <span class='ocrx_word' id='word_1_26' title='bbox 1051 866 1107 933; x_wconf 86' lang='grc' dir='ltr'><strong><em>καί</em></strong></span> 
     </span>
     <span class='ocr_line' id='line_1_7' title="bbox 96 971 1107 1059; baseline 0.003 -23"><span class='ocrx_word' id='word_1_27' title='bbox 96 973 146 1048; x_wconf 89' lang='grc' dir='ltr'><strong><em>εἰς</em></strong></span> <span class='ocrx_word' id='word_1_28' title='bbox 172 974 213 1037; x_wconf 87' lang='grc' dir='ltr'><strong><em>τὰ</em></strong></span> <span class='ocrx_word' id='word_1_29' title='bbox 240 973 324 1038; x_wconf 81' lang='grc' dir='ltr'><strong><em>αὐτὰ</em></strong></span> <span class='ocrx_word' id='word_1_30' title='bbox 345 975 403 1050; x_wconf 80' lang='grc' dir='ltr'><strong><em>τὰς</em></strong></span> <span class='ocrx_word' id='word_1_31' title='bbox 426 974 539 1052; x_wconf 79' lang='grc' dir='ltr'><strong><em>δύσεις</em></strong></span> <span class='ocrx_word' id='word_1_32' title='bbox 560 975 752 1059; x_wconf 82' lang='grc' dir='ltr'><strong><em>ποιούμενα</em></strong></span> <span class='ocrx_word' id='word_1_33' title='bbox 797 976 859 1058; x_wconf 82' lang='grc' dir='ltr'><strong><em>τὴν</em></strong></span> <span class='ocrx_word' id='word_1_34' title='bbox 881 971 918 1040; x_wconf 71' lang='grc' dir='ltr'><strong><em>δὲ</em></strong></span> <span class='ocrx_word' id='word_1_35' title='bbox 942 973 1035 1051; x_wconf 87' lang='grc' dir='ltr'><strong><em>έντὸς</em></strong></span> <span class='ocrx_word' id='word_1_36' title='bbox 1057 978 1107 1039; x_wconf 91' lang='grc' dir='ltr'><strong><em>κί-</em></strong></span> 
     </span>
     <span class='ocr_line' id='line_1_8' title="bbox 93 1079 1106 1168; baseline 0.003 -25"><span class='ocrx_word' id='word_1_37' title='bbox 93 1097 207 1163; x_wconf 85' lang='grc' dir='ltr'><strong><em>νησιν,</em></strong></span> <span class='ocrx_word' id='word_1_38' title='bbox 229 1079 401 1146; x_wconf 81' lang='grc' dir='ltr'><strong><em>τουτέστιν</em></strong></span> <span class='ocrx_word' id='word_1_39' title='bbox 423 1081 484 1162; x_wconf 81' lang='grc' dir='ltr'><strong><em>την</em></strong></span> <span class='ocrx_word' id='word_1_40' title='bbox 506 1090 574 1145; x_wconf 82' lang='grc' dir='ltr'><strong><em>τῶν</em></strong></span> <span class='ocrx_word' id='word_1_41' title='bbox 596 1081 829 1165; x_wconf 78' lang='grc' dir='ltr'><strong><em>πλανωμένων,</em></strong></span> <span class='ocrx_word' id='word_1_42' title='bbox 853 1080 1014 1168; x_wconf 83' lang='grc' dir='ltr'><strong><em>θατέρου,</em></strong></span> <span class='ocrx_word' id='word_1_43' title='bbox 1043 1104 1106 1164; x_wconf 85' lang='grc' dir='ltr'><strong><em>φη-</em></strong></span> 
     </span>
     <span class='ocr_line' id='line_1_9' title="bbox 96 1185 1149 1273; baseline 0.003 -24"><span class='ocrx_word' id='word_1_44' title='bbox 96 1188 169 1268; x_wconf 92' lang='grc' dir='ltr'><strong><em>σίν,</em></strong></span> <span class='ocrx_word' id='word_1_45' title='bbox 197 1188 467 1271; x_wconf 81' lang='grc' dir='ltr'><strong><em>προσηγόρευσεν</em></strong></span> <span class='ocrx_word' id='word_1_46' title='bbox 494 1187 550 1251; x_wconf 79' lang='grc' dir='ltr'><strong><em>διδ</em></strong></span> <span class='ocrx_word' id='word_1_47' title='bbox 577 1188 638 1271; x_wconf 84' lang='grc' dir='ltr'><strong><em>την</em></strong></span> <span class='ocrx_word' id='word_1_48' title='bbox 666 1185 838 1273; x_wconf 81' lang='grc' dir='ltr'><strong><em>ἑτερότητα</em></strong></span> <span class='ocrx_word' id='word_1_49' title='bbox 865 1188 1020 1272; x_wconf 91' lang='grc' dir='ltr'><strong><em>δηλονότι</em></strong></span> <span class='ocrx_word' id='word_1_50' title='bbox 1048 1196 1107 1270; x_wconf 86' lang='grc' dir='ltr'><strong><em>τῆς</em></strong></span> <span class='ocrx_word' id='word_1_51' title='bbox 1133 1210 1149 1252; x_wconf 81' lang='grc' dir='ltr'><strong><em>σ</em></strong></span> 
     </span>
     <span class='ocr_line' id='line_1_10' title="bbox 95 1290 1108 1379; baseline 0.004 -25"><span class='ocrx_word' id='word_1_52' title='bbox 95 1301 166 1354; x_wconf 83' lang='grc' dir='ltr'><strong><em>τῶν</em></strong></span> <span class='ocrx_word' id='word_1_53' title='bbox 183 1290 408 1375; x_wconf 80' lang='grc' dir='ltr'><strong><em>πλανωμένων</em></strong></span> <span class='ocrx_word' id='word_1_54' title='bbox 425 1294 598 1376; x_wconf 78' lang='grc' dir='ltr'><strong><em>κινήσεως·</em></strong></span> <span class='ocrx_word' id='word_1_55' title='bbox 622 1293 698 1357; x_wconf 81' lang='grc' dir='ltr'><strong><em>οὔτε</em></strong></span> <span class='ocrx_word' id='word_1_56' title='bbox 717 1295 778 1378; x_wconf 84' lang='grc' dir='ltr'><strong><em>γὰρ</em></strong></span> <span class='ocrx_word' id='word_1_57' title='bbox 800 1294 973 1379; x_wconf 88' lang='grc' dir='ltr'><strong><em>ἰσόχρονος</em></strong></span> <span class='ocrx_word' id='word_1_58' title='bbox 990 1293 1011 1377; x_wconf 79' lang='grc' dir='ltr'><strong><em>ἡ</em></strong></span> <span class='ocrx_word' id='word_1_59' title='bbox 1030 1293 1108 1358; x_wconf 89' lang='grc' dir='ltr'><strong><em>τού·</em></strong></span> 
     </span>
     <span class='ocr_line' id='line_1_11' title="bbox 96 1396 1107 1487; baseline 0.005 -27"><span class='ocrx_word' id='word_1_60' title='bbox 96 1418 165 1461; x_wconf 86' lang='grc' dir='ltr'><strong><em>των</em></strong></span> <span class='ocrx_word' id='word_1_61' title='bbox 188 1400 317 1480; x_wconf 88' lang='grc' dir='ltr'><strong><em>κίνησις</em></strong></span> <span class='ocrx_word' id='word_1_62' title='bbox 341 1398 417 1462; x_wconf 81' lang='grc' dir='ltr'><strong><em>οὕτε</em></strong></span> <span class='ocrx_word' id='word_1_63' title='bbox 441 1396 580 1463; x_wconf 79' lang='grc' dir='ltr'><strong><em>ἑκάστου</em></strong></span> <span class='ocrx_word' id='word_1_64' title='bbox 604 1398 624 1482; x_wconf 79' lang='grc' dir='ltr'><em>ἡ</em></span> <span class='ocrx_word' id='word_1_65' title='bbox 649 1398 745 1484; x_wconf 82' lang='grc' dir='ltr'><strong><em>αὐτη·</em></strong></span> <span class='ocrx_word' id='word_1_66' title='bbox 774 1396 853 1464; x_wconf 72' lang='grc' dir='ltr'><strong><em>οὐδὲ</em></strong></span> <span class='ocrx_word' id='word_1_67' title='bbox 876 1402 939 1487; x_wconf 83' lang='grc' dir='ltr'><strong><em>γὰρ</em></strong></span> <span class='ocrx_word' id='word_1_68' title='bbox 968 1399 1026 1464; x_wconf 80' lang='grc' dir='ltr'><strong><em>ἕνα</em></strong></span> <span class='ocrx_word' id='word_1_69' title='bbox 1051 1397 1107 1465; x_wconf 89' lang='grc' dir='ltr'><strong><em>καί</em></strong></span> 
     </span>
     <span class='ocr_line' id='line_1_12' title="bbox 92 1501 1107 1591; baseline 0.003 -25"><span class='ocrx_word' id='word_1_70' title='bbox 92 1504 158 1566; x_wconf 90' lang='grc' dir='ltr'><strong><em>τὸν</em></strong></span> <span class='ocrx_word' id='word_1_71' title='bbox 180 1502 283 1567; x_wconf 87' lang='grc' dir='ltr'><strong><em>αὐτὸν</em></strong></span> <span class='ocrx_word' id='word_1_72' title='bbox 306 1501 441 1580; x_wconf 78' lang='grc' dir='ltr'><strong><em>ἕκαστος</em></strong></span> <span class='ocrx_word' id='word_1_73' title='bbox 463 1503 703 1591; x_wconf 76' lang='grc' dir='ltr'><strong><em>ἐκπεριέρχεται</em></strong></span> <span class='ocrx_word' id='word_1_74' title='bbox 727 1506 852 1570; x_wconf 90' lang='grc' dir='ltr'><strong><em>κύκλον</em></strong></span> <span class='ocrx_word' id='word_1_75' title='bbox 870 1503 949 1571; x_wconf 80' lang='grc' dir='ltr'><strong><em>ούδί</em></strong></span> <span class='ocrx_word' id='word_1_76' title='bbox 967 1505 1020 1571; x_wconf 84' lang='grc' dir='ltr'><strong><em>ἰπί</em></strong></span> <span class='ocrx_word' id='word_1_77' title='bbox 1039 1517 1107 1570; x_wconf 84' lang='grc' dir='ltr'><strong><em>τῶν</em></strong></span> 
     </span>
     <span class='ocr_line' id='line_1_13' title="bbox 93 1607 1106 1695; baseline 0.007 -24"><span class='ocrx_word' id='word_1_78' title='bbox 93 1608 209 1672; x_wconf 83' lang='grc' dir='ltr'><strong><em>αὐτῶν</em></strong></span> <span class='ocrx_word' id='word_1_79' title='bbox 232 1607 282 1674; x_wconf 80' lang='grc' dir='ltr'><strong><em>ἀεὶ</em></strong></span> <span class='ocrx_word' id='word_1_80' title='bbox 306 1613 452 1695; x_wconf 81' lang='grc' dir='ltr'><strong><em>σημείων</em></strong></span> <span class='ocrx_word' id='word_1_81' title='bbox 475 1611 531 1688; x_wconf 87' lang='grc' dir='ltr'><strong><em>τύς</em></strong></span> <span class='ocrx_word' id='word_1_82' title='bbox 554 1633 588 1675; x_wconf 86' lang='grc' dir='ltr'><strong><em>τε</em></strong></span> <span class='ocrx_word' id='word_1_83' title='bbox 612 1610 774 1687; x_wconf 81' lang='grc' dir='ltr'><strong><em>ἀνατολὰς</em></strong></span> <span class='ocrx_word' id='word_1_84' title='bbox 792 1609 847 1676; x_wconf 86' lang='grc' dir='ltr'><strong><em>καί</em></strong></span> <span class='ocrx_word' id='word_1_85' title='bbox 865 1613 923 1689; x_wconf 83' lang='grc' dir='ltr'><strong><em>τὰς</em></strong></span> <span class='ocrx_word' id='word_1_86' title='bbox 941 1612 1053 1690; x_wconf 78' lang='grc' dir='ltr'><strong><em>δύσεις</em></strong></span> <span class='ocrx_word' id='word_1_87' title='bbox 1072 1614 1106 1678; x_wconf 88' lang='grc' dir='ltr'><strong><em>οἰ</em></strong></span> 
     </span>
     <span class='ocr_line' id='line_1_14' title="bbox 94 1713 1148 1794; baseline 0.005 -16"><span class='ocrx_word' id='word_1_88' title='bbox 94 1713 193 1779; x_wconf 82' lang='grc' dir='ltr'><strong><em>αὐτοὶ</em></strong></span> <span class='ocrx_word' id='word_1_89' title='bbox 225 1725 410 1782; x_wconf 89' lang='grc' dir='ltr'><strong><em>ποιοῦνται.</em></strong></span> <span class='ocrx_word' id='word_1_90' title='bbox 463 1727 532 1781; x_wconf 85' lang='grc' dir='ltr'><strong><em>τῶν</em></strong></span> <span class='ocrx_word' id='word_1_91' title='bbox 563 1713 600 1781; x_wconf 74' lang='grc' dir='ltr'><strong><em>δί</em></strong></span> <span class='ocrx_word' id='word_1_92' title='bbox 633 1714 712 1781; x_wconf 79' lang='grc' dir='ltr'><strong><em>έπτδ</em></strong></span> <span class='ocrx_word' id='word_1_93' title='bbox 743 1727 811 1781; x_wconf 86' lang='grc' dir='ltr'><strong><em>τῶν</em></strong></span> <span class='ocrx_word' id='word_1_94' title='bbox 846 1716 938 1794; x_wconf 82' lang='grc' dir='ltr'><strong><em>ἐντὸς</em></strong></span> <span class='ocrx_word' id='word_1_95' title='bbox 974 1720 1106 1783; x_wconf 90' lang='grc' dir='ltr'><strong><em>κύκλων</em></strong></span> <span class='ocrx_word' id='word_1_96' title='bbox 1119 1742 1148 1782; x_wconf 82' lang='grc' dir='ltr'><strong><em>ιο</em></strong></span> 
     </span>
     <span class='ocr_line' id='line_1_15' title="bbox 93 1817 1104 1907; baseline 0.002 -22"><span class='ocrx_word' id='word_1_97' title='bbox 93 1831 185 1906; x_wconf 85' lang='grc' dir='ltr'><strong><em>τρεῖς</em></strong></span> <span class='ocrx_word' id='word_1_98' title='bbox 212 1820 274 1906; x_wconf 77' lang='grc' dir='ltr'><strong><em>μὲν</em></strong></span> <span class='ocrx_word' id='word_1_99' title='bbox 303 1824 465 1907; x_wconf 74' lang='grc' dir='ltr'><strong><em>ἰσοταχεῖς</em></strong></span> <span class='ocrx_word' id='word_1_100' title='bbox 487 1817 572 1887; x_wconf 86' lang='grc' dir='ltr'><strong><em>εἰναι</em></strong></span> <span class='ocrx_word' id='word_1_101' title='bbox 597 1821 761 1907; x_wconf 78' lang='grc' dir='ltr'><strong><em>ἀλληλοις,</em></strong></span> <span class='ocrx_word' id='word_1_102' title='bbox 784 1824 844 1886; x_wconf 94' lang='grc' dir='ltr'><strong><em>τόν</em></strong></span> <span class='ocrx_word' id='word_1_103' title='bbox 866 1845 901 1886; x_wconf 91' lang='grc' dir='ltr'><strong><em>τε</em></strong></span> <span class='ocrx_word' id='word_1_104' title='bbox 924 1831 983 1887; x_wconf 87' lang='grc' dir='ltr'><strong><em>τοῦ</em></strong></span> <span class='ocrx_word' id='word_1_105' title='bbox 1007 1822 1104 1906; x_wconf 76' lang='grc' dir='ltr'><strong><em>ἡλίου</em></strong></span> 
     </span>
     <span class='ocr_line' id='line_1_16' title="bbox 92 1925 1158 2014; baseline -0.002 -22"><span class='ocrx_word' id='word_1_106' title='bbox 92 1928 204 2011; x_wconf 83' lang='grc' dir='ltr'><strong><em>λέγων</em></strong></span> <span class='ocrx_word' id='word_1_107' title='bbox 226 1927 282 1993; x_wconf 87' lang='grc' dir='ltr'><strong><em>καί</em></strong></span> <span class='ocrx_word' id='word_1_108' title='bbox 303 1930 307 2012; x_wconf 68' lang='grc' dir='ltr'><strong><em>ἰ</em></strong></span> <span class='ocrx_word' id='word_1_109' title='bbox 327 1931 387 1994; x_wconf 87' lang='grc' dir='ltr'><strong><em>τδν</em></strong></span> <span class='ocrx_word' id='word_1_110' title='bbox 409 1938 468 1994; x_wconf 90' lang='grc' dir='ltr'><strong><em>τοῦ</em></strong></span> <span class='ocrx_word' id='word_1_111' title='bbox 493 1925 669 2014; x_wconf 76' lang='grc' dir='ltr'><strong><em>ἑωσφόρον</em></strong></span> <span class='ocrx_word' id='word_1_112' title='bbox 692 1927 747 1994; x_wconf 88' lang='grc' dir='ltr'><strong><em>καί</em></strong></span> <span class='ocrx_word' id='word_1_113' title='bbox 766 1929 825 1993; x_wconf 86' lang='grc' dir='ltr'><strong><em>τὸν</em></strong></span> <span class='ocrx_word' id='word_1_114' title='bbox 843 1937 903 1992; x_wconf 91' lang='grc' dir='ltr'><strong><em>τοῦ</em></strong></span> <span class='ocrx_word' id='word_1_115' title='bbox 919 1926 1040 2010; x_wconf 86' lang='grc' dir='ltr'><strong><em>Ἑρμοῦ</em></strong></span> <span class='ocrx_word' id='word_1_116' title='bbox 1059 1943 1158 1987; x_wconf 66' lang='lat' dir='ltr'>roten.</span> 
     </span>
     <span class='ocr_line' id='line_1_17' title="bbox 93 2026 1103 2121; baseline -0.001 -23"><span class='ocrx_word' id='word_1_117' title='bbox 93 2036 306 2118; x_wconf 90' lang='grc' dir='ltr'><strong><em>καλούμενον</em></strong></span> <span class='ocrx_word' id='word_1_118' title='bbox 337 2034 526 2121; x_wconf 85' lang='grc' dir='ltr'><strong><em>(ἰσόδρομοι</em></strong></span> <span class='ocrx_word' id='word_1_119' title='bbox 559 2036 622 2121; x_wconf 81' lang='grc' dir='ltr'><strong><em>γὰρ</em></strong></span> <span class='ocrx_word' id='word_1_120' title='bbox 653 2045 721 2099; x_wconf 80' lang='grc' dir='ltr'><strong><em>τῶν</em></strong></span> <span class='ocrx_word' id='word_1_121' title='bbox 751 2032 977 2118; x_wconf 81' lang='grc' dir='ltr'><strong><em>πλανωμένων</em></strong></span> <span class='ocrx_word' id='word_1_122' title='bbox 1010 2026 1103 2098; x_wconf 88' lang='grc' dir='ltr'><strong><em>οὗτοι</em></strong></span> 
     </span>
     <span class='ocr_line' id='line_1_18' title="bbox 91 2138 1104 2226; baseline -0.001 -22"><span class='ocrx_word' id='word_1_123' title='bbox 91 2142 318 2225; x_wconf 78' lang='grc' dir='ltr'><strong><em>τυγχάνοντες</em></strong></span> <span class='ocrx_word' id='word_1_124' title='bbox 341 2139 383 2205; x_wconf 91' lang='grc' dir='ltr'><strong><em>δι’</em></strong></span> <span class='ocrx_word' id='word_1_125' title='bbox 403 2140 558 2206; x_wconf 80' lang='grc' dir='ltr'><strong><em>ἐνιαυτοῦ</em></strong></span> <span class='ocrx_word' id='word_1_126' title='bbox 581 2143 641 2206; x_wconf 87' lang='grc' dir='ltr'><strong><em>τὸν</em></strong></span> <span class='ocrx_word' id='word_1_127' title='bbox 663 2141 769 2206; x_wconf 78' lang='grc' dir='ltr'><strong><em>πάντα</em></strong></span> <span class='ocrx_word' id='word_1_128' title='bbox 791 2142 916 2206; x_wconf 88' lang='grc' dir='ltr'><strong><em>κύκλον</em></strong></span> <span class='ocrx_word' id='word_1_129' title='bbox 939 2138 1104 2226; x_wconf 81' lang='grc' dir='ltr'><strong><em>ἐκπεριέρ-</em></strong></span> 
     </span>
     <span class='ocr_line' id='line_1_19' title="bbox 94 2244 1146 2335; baseline 0.001 -22"><span class='ocrx_word' id='word_1_130' title='bbox 94 2247 242 2335; x_wconf 83' lang='grc' dir='ltr'><strong><em>χονται),</em></strong></span> <span class='ocrx_word' id='word_1_131' title='bbox 270 2250 349 2324; x_wconf 84' lang='grc' dir='ltr'><strong><em>τοὺς</em></strong></span> <span class='ocrx_word' id='word_1_132' title='bbox 376 2244 413 2312; x_wconf 74' lang='grc' dir='ltr'><strong><em>δί</em></strong></span> <span class='ocrx_word' id='word_1_133' title='bbox 441 2249 580 2325; x_wconf 88' lang='grc' dir='ltr'><strong><em>λοιποὺς</em></strong></span> <span class='ocrx_word' id='word_1_134' title='bbox 606 2246 764 2335; x_wconf 85' lang='grc' dir='ltr'><strong><em>τέσσαρας</em></strong></span> <span class='ocrx_word' id='word_1_135' title='bbox 790 2247 927 2324; x_wconf 77' lang='grc' dir='ltr'><strong><em>ἀνίσους</em></strong></span> <span class='ocrx_word' id='word_1_136' title='bbox 950 2245 1104 2330; x_wconf 83' lang='grc' dir='ltr'><strong><em>ἀλληλοις</em></strong></span> <span class='ocrx_word' id='word_1_137' title='bbox 1119 2271 1146 2314; x_wconf 83' lang='grc' dir='ltr'><strong><em>ιε</em></strong></span> 
     </span>
     <span class='ocr_line' id='line_1_20' title="bbox 91 2349 1103 2438; baseline -0.003 -20"><span class='ocrx_word' id='word_1_138' title='bbox 91 2377 131 2418; x_wconf 92' lang='grc' dir='ltr'><strong><em>τε</em></strong></span> <span class='ocrx_word' id='word_1_139' title='bbox 163 2353 218 2419; x_wconf 90' lang='grc' dir='ltr'><strong><em>καί</em></strong></span> <span class='ocrx_word' id='word_1_140' title='bbox 250 2356 382 2431; x_wconf 91' lang='grc' dir='ltr'><strong><em>τούτοις</em></strong></span> <span class='ocrx_word' id='word_1_141' title='bbox 414 2349 502 2419; x_wconf 90' lang='grc' dir='ltr'><strong><em>εἰναί</em></strong></span> <span class='ocrx_word' id='word_1_142' title='bbox 532 2372 651 2438; x_wconf 80' lang='grc' dir='ltr'><strong><em>φησιν,</em></strong></span> <span class='ocrx_word' id='word_1_143' title='bbox 683 2355 853 2421; x_wconf 81' lang='grc' dir='ltr'><strong><em>τουτέστιν</em></strong></span> <span class='ocrx_word' id='word_1_144' title='bbox 884 2357 946 2438; x_wconf 84' lang='grc' dir='ltr'><strong><em>τη’ν</em></strong></span> <span class='ocrx_word' id='word_1_145' title='bbox 975 2375 1011 2416; x_wconf 92' lang='grc' dir='ltr'><strong><em>τε</em></strong></span> <span class='ocrx_word' id='word_1_146' title='bbox 1042 2360 1103 2416; x_wconf 85' lang='grc' dir='ltr'><strong><em>τοῦ</em></strong></span> 
     </span>
     <span class='ocr_line' id='line_1_21' title="bbox 94 2457 1103 2547; baseline -0.003 -20"><span class='ocrx_word' id='word_1_147' title='bbox 94 2463 233 2546; x_wconf 87' lang='grc' dir='ltr'><strong><em>Κρόνου</em></strong></span> <span class='ocrx_word' id='word_1_148' title='bbox 261 2459 471 2544; x_wconf 88' lang='grc' dir='ltr'><strong><em>καλουμένην</em></strong></span> <span class='ocrx_word' id='word_1_149' title='bbox 498 2470 645 2547; x_wconf 83' lang='grc' dir='ltr'><strong><em>σφαῖραν</em></strong></span> <span class='ocrx_word' id='word_1_150' title='bbox 667 2459 722 2525; x_wconf 88' lang='grc' dir='ltr'><strong><em>καί</em></strong></span> <span class='ocrx_word' id='word_1_151' title='bbox 744 2470 804 2526; x_wconf 91' lang='grc' dir='ltr'><strong><em>τοῦ</em></strong></span> <span class='ocrx_word' id='word_1_152' title='bbox 819 2460 942 2547; x_wconf 84' lang='grc' dir='ltr'><strong><em>”Αρεως</em></strong></span> <span class='ocrx_word' id='word_1_153' title='bbox 964 2457 1020 2522; x_wconf 91' lang='grc' dir='ltr'><strong><em>καί</em></strong></span> <span class='ocrx_word' id='word_1_154' title='bbox 1042 2467 1103 2524; x_wconf 85' lang='grc' dir='ltr'><strong><em>τοῦ</em></strong></span> 
     </span>
     <span class='ocr_line' id='line_1_22' title="bbox 93 2562 1103 2652; baseline -0.004 -19"><span class='ocrx_word' id='word_1_155' title='bbox 93 2568 181 2644; x_wconf 86' lang='grc' dir='ltr'><strong><em>Διὸς</em></strong></span> <span class='ocrx_word' id='word_1_156' title='bbox 209 2566 265 2632; x_wconf 89' lang='grc' dir='ltr'><strong><em>καί</em></strong></span> <span class='ocrx_word' id='word_1_157' title='bbox 294 2567 355 2650; x_wconf 84' lang='grc' dir='ltr'><strong><em>την</em></strong></span> <span class='ocrx_word' id='word_1_158' title='bbox 384 2575 442 2649; x_wconf 79' lang='grc' dir='ltr'><strong><em>τῆς</em></strong></span> <span class='ocrx_word' id='word_1_159' title='bbox 471 2567 610 2649; x_wconf 77' lang='grc' dir='ltr'><strong><em>σελήνης</em></strong></span> <span class='ocrx_word' id='word_1_160' title='bbox 637 2563 671 2651; x_wconf 81' lang='grc' dir='ltr'><strong><em>(ἡ</em></strong></span> <span class='ocrx_word' id='word_1_161' title='bbox 699 2562 760 2648; x_wconf 71' lang='grc' dir='ltr'><strong><em>μὲν</em></strong></span> <span class='ocrx_word' id='word_1_162' title='bbox 786 2568 849 2651; x_wconf 81' lang='grc' dir='ltr'><strong><em>γὰρ</em></strong></span> <span class='ocrx_word' id='word_1_163' title='bbox 877 2574 938 2630; x_wconf 85' lang='grc' dir='ltr'><strong><em>τοῦ</em></strong></span> <span class='ocrx_word' id='word_1_164' title='bbox 967 2567 1103 2652; x_wconf 88' lang='grc' dir='ltr'><strong><em>Κρόνου</em></strong></span> 
     </span>
     <span class='ocr_line' id='line_1_23' title="bbox 93 2671 1105 2759; baseline 0 -22"><span class='ocrx_word' id='word_1_165' title='bbox 93 2674 154 2738; x_wconf 82' lang='grc' dir='ltr'><strong><em>διὰ</em></strong></span> <span class='ocrx_word' id='word_1_166' title='bbox 185 2675 363 2759; x_wconf 79' lang='grc' dir='ltr'><strong><em>τριάκοντα</em></strong></span> <span class='ocrx_word' id='word_1_167' title='bbox 395 2671 478 2737; x_wconf 83' lang='grc' dir='ltr'><strong><em>έτῶν</em></strong></span> <span class='ocrx_word' id='word_1_168' title='bbox 509 2674 645 2754; x_wconf 81' lang='grc' dir='ltr'><strong><em>ἔγγιστα</em></strong></span> <span class='ocrx_word' id='word_1_169' title='bbox 679 2672 739 2737; x_wconf 84' lang='grc' dir='ltr'><strong><em>τὸν</em></strong></span> <span class='ocrx_word' id='word_1_170' title='bbox 777 2672 865 2738; x_wconf 87' lang='grc' dir='ltr'><strong><em>ῖδιον</em></strong></span> <span class='ocrx_word' id='word_1_171' title='bbox 897 2671 1105 2757; x_wconf 88' lang='grc' dir='ltr'><strong><em>έκπεριπολεῖ</em></strong></span> 
     </span>
     <span class='ocr_line' id='line_1_24' title="bbox 91 2774 1146 2862; baseline 0.002 -20"><span class='ocrx_word' id='word_1_172' title='bbox 91 2779 231 2862; x_wconf 81' lang='grc' dir='ltr'><strong><em>κύκλον,</em></strong></span> <span class='ocrx_word' id='word_1_173' title='bbox 254 2779 274 2862; x_wconf 82' lang='grc' dir='ltr'><em>ἡ</em></span> <span class='ocrx_word' id='word_1_174' title='bbox 298 2774 335 2842; x_wconf 82' lang='grc' dir='ltr'><strong><em>δί</em></strong></span> <span class='ocrx_word' id='word_1_175' title='bbox 358 2786 418 2842; x_wconf 87' lang='grc' dir='ltr'><strong><em>τοῦ</em></strong></span> <span class='ocrx_word' id='word_1_176' title='bbox 442 2778 526 2854; x_wconf 85' lang='grc' dir='ltr'><strong><em>Διὸς</em></strong></span> <span class='ocrx_word' id='word_1_177' title='bbox 549 2775 649 2860; x_wconf 83' lang='grc' dir='ltr'><strong><em>έγγδς</em></strong></span> <span class='ocrx_word' id='word_1_178' title='bbox 672 2778 728 2842; x_wconf 87' lang='grc' dir='ltr'><strong><em>διὰ</em></strong></span> <span class='ocrx_word' id='word_1_179' title='bbox 751 2778 890 2862; x_wconf 85' lang='grc' dir='ltr'><strong><em>δώδεκα,</em></strong></span> <span class='ocrx_word' id='word_1_180' title='bbox 909 2778 966 2842; x_wconf 83' lang='grc' dir='ltr'><strong><em>διὰ</em></strong></span> <span class='ocrx_word' id='word_1_181' title='bbox 985 2778 1047 2842; x_wconf 90' lang='grc' dir='ltr'><strong><em>δύο</em></strong></span> <span class='ocrx_word' id='word_1_182' title='bbox 1067 2775 1103 2843; x_wconf 77' lang='grc' dir='ltr'><strong><em>δέ</em></strong></span> <span class='ocrx_word' id='word_1_183' title='bbox 1117 2804 1146 2844; x_wconf 87' lang='grc' dir='ltr'><strong><em>ω</em></strong></span> 
     </span>
     <span class='ocr_line' id='line_1_25' title="bbox 92 2880 1105 2970; baseline 0.002 -22"><span class='ocrx_word' id='word_1_184' title='bbox 92 2885 197 2949; x_wconf 79' lang='grc' dir='ltr'><strong><em>πόλιν</em></strong></span> <span class='ocrx_word' id='word_1_185' title='bbox 227 2884 248 2968; x_wconf 79' lang='grc' dir='ltr'><strong><em>ἡ</em></strong></span> <span class='ocrx_word' id='word_1_186' title='bbox 278 2893 338 2948; x_wconf 92' lang='grc' dir='ltr'><strong><em>τοῦ</em></strong></span> <span class='ocrx_word' id='word_1_187' title='bbox 358 2881 482 2966; x_wconf 72' lang='grc' dir='ltr'><strong><em>Ἄρεως</em></strong></span> <span class='ocrx_word' id='word_1_188' title='bbox 510 2886 659 2967; x_wconf 81' lang='grc' dir='ltr'><strong><em>ἔγγιστα,</em></strong></span> <span class='ocrx_word' id='word_1_189' title='bbox 687 2883 707 2967; x_wconf 76' lang='grc' dir='ltr'>ἡ</span> <span class='ocrx_word' id='word_1_190' title='bbox 735 2880 773 2948; x_wconf 69' lang='grc' dir='ltr'><strong><em>δὲ</em></strong></span> <span class='ocrx_word' id='word_1_191' title='bbox 800 2894 857 2970; x_wconf 82' lang='grc' dir='ltr'><strong><em>τῆς</em></strong></span> <span class='ocrx_word' id='word_1_192' title='bbox 885 2888 1025 2969; x_wconf 82' lang='grc' dir='ltr'><strong><em>σελήνης</em></strong></span> <span class='ocrx_word' id='word_1_193' title='bbox 1048 2885 1105 2950; x_wconf 85' lang='grc' dir='ltr'><strong><em>διδι</em></strong></span> 
     </span>
     <span class='ocr_line' id='line_1_26' title="bbox 90 2985 1104 3077; baseline 0.001 -21"><span class='ocrx_word' id='word_1_194' title='bbox 90 2989 223 3077; x_wconf 87' lang='grc' dir='ltr'><strong><em>μηνός).</em></strong></span> <span class='ocrx_word' id='word_1_195' title='bbox 268 2991 311 3073; x_wconf 79' lang='grc' dir='ltr'><strong><em>μη</em></strong></span> <span class='ocrx_word' id='word_1_196' title='bbox 341 2993 459 3054; x_wconf 89' lang='grc' dir='ltr'><strong><em>τοίνυν</em></strong></span> <span class='ocrx_word' id='word_1_197' title='bbox 489 2985 572 3073; x_wconf 72' lang='grc' dir='ltr'><strong><em>μηδὲ</em></strong></span> <span class='ocrx_word' id='word_1_198' title='bbox 601 2987 636 3053; x_wconf 86' lang='grc' dir='ltr'><strong><em>έκ</em></strong></span> <span class='ocrx_word' id='word_1_199' title='bbox 662 2999 720 3073; x_wconf 84' lang='grc' dir='ltr'><strong><em>της</em></strong></span> <span class='ocrx_word' id='word_1_200' title='bbox 742 2993 947 3075; x_wconf 77' lang='grc' dir='ltr'><strong><em>ύυχογονίας</em></strong></span> <span class='ocrx_word' id='word_1_201' title='bbox 968 2990 1104 3077; x_wconf 85' lang='grc' dir='ltr'><strong><em>παρεχέ-</em></strong></span> 
     </span>
     <span class='ocr_line' id='line_1_27' title="bbox 91 3095 1104 3181; baseline 0.001 -20"><span class='ocrx_word' id='word_1_202' title='bbox 91 3114 205 3163; x_wconf 93' lang='grc' dir='ltr'><strong><em>τωσαν</em></strong></span> <span class='ocrx_word' id='word_1_203' title='bbox 233 3095 409 3180; x_wconf 74' lang='grc' dir='ltr'><strong><em>πράγματα</em></strong></span> <span class='ocrx_word' id='word_1_204' title='bbox 440 3095 595 3160; x_wconf 78' lang='grc' dir='ltr'><strong><em>Πλάτωνι</em></strong></span> <span class='ocrx_word' id='word_1_205' title='bbox 627 3098 761 3160; x_wconf 79' lang='grc' dir='ltr'><strong><em>πείθειν</em></strong></span> <span class='ocrx_word' id='word_1_206' title='bbox 791 3095 876 3180; x_wconf 82' lang='grc' dir='ltr'><strong><em>ἡμᾶς</em></strong></span> <span class='ocrx_word' id='word_1_207' title='bbox 904 3099 1104 3181; x_wconf 74' lang='grc' dir='ltr'><strong><em>βιαζόμενοι,</em></strong></span> 
     </span>
     <span class='ocr_line' id='line_1_28' title="bbox 90 3197 1104 3287; baseline -0.001 -19"><span class='ocrx_word' id='word_1_208' title='bbox 90 3204 140 3281; x_wconf 81' lang='grc' dir='ltr'><strong><em>ὡς</em></strong></span> <span class='ocrx_word' id='word_1_209' title='bbox 172 3200 334 3285; x_wconf 80' lang='grc' dir='ltr'><strong><em>ἀγένητον</em></strong></span> <span class='ocrx_word' id='word_1_210' title='bbox 366 3197 452 3267; x_wconf 84' lang='grc' dir='ltr'><strong><em>εἶναι</em></strong></span> <span class='ocrx_word' id='word_1_211' title='bbox 484 3202 545 3266; x_wconf 86' lang='grc' dir='ltr'><strong><em>τὸν</em></strong></span> <span class='ocrx_word' id='word_1_212' title='bbox 576 3204 704 3286; x_wconf 90' lang='grc' dir='ltr'><strong><em>κόσμον</em></strong></span> <span class='ocrx_word' id='word_1_213' title='bbox 739 3207 843 3267; x_wconf 86' lang='grc' dir='ltr'><strong><em>οῖεται</em></strong></span> <span class='ocrx_word' id='word_1_214' title='bbox 879 3204 941 3287; x_wconf 79' lang='grc' dir='ltr'><strong><em>τὴν</em></strong></span> <span class='ocrx_word' id='word_1_215' title='bbox 972 3202 1104 3287; x_wconf 83' lang='grc' dir='ltr'><strong><em>γένεσιν</em></strong></span> 
     </span>
     <span class='ocr_line' id='line_1_29' title="bbox 91 3306 1145 3393; baseline 0.002 -19"><span class='ocrx_word' id='word_1_216' title='bbox 91 3309 198 3374; x_wconf 81' lang='grc' dir='ltr'><strong><em>αὐτοῦ</em></strong></span> <span class='ocrx_word' id='word_1_217' title='bbox 226 3306 303 3373; x_wconf 76' lang='grc' dir='ltr'><strong><em>καθ’</em></strong></span> <span class='ocrx_word' id='word_1_218' title='bbox 332 3308 499 3373; x_wconf 78' lang='grc' dir='ltr'><strong><em>ὑπόδεσιν</em></strong></span> <span class='ocrx_word' id='word_1_219' title='bbox 526 3307 607 3392; x_wconf 83' lang='grc' dir='ltr'><strong><em>ἡμῖν</em></strong></span> <span class='ocrx_word' id='word_1_220' title='bbox 634 3309 877 3392; x_wconf 87' lang='grc' dir='ltr'><strong><em>εἰσηγούμενος.</em></strong></span> <span class='ocrx_word' id='word_1_221' title='bbox 922 3313 1045 3393; x_wconf 90' lang='grc' dir='ltr'><strong><em>καίτοι,</em></strong></span> <span class='ocrx_word' id='word_1_222' title='bbox 1073 3311 1103 3375; x_wconf 89' lang='grc' dir='ltr'><strong><em>εἰ</em></strong></span> <span class='ocrx_word' id='word_1_223' title='bbox 1116 3332 1145 3376; x_wconf 77' lang='grc' dir='ltr'><strong><em>ιε</em></strong></span> 
     </span>
     <span class='ocr_line' id='line_1_30' title="bbox 89 3409 1103 3502; baseline 0.002 -24"><span class='ocrx_word' id='word_1_224' title='bbox 89 3423 192 3479; x_wconf 85' lang='grc' dir='ltr'><strong><em>τοῦτο</em></strong></span> <span class='ocrx_word' id='word_1_225' title='bbox 215 3409 259 3497; x_wconf 77' lang='grc' dir='ltr'><strong><em>ην</em></strong></span> <span class='ocrx_word' id='word_1_226' title='bbox 282 3413 419 3497; x_wconf 77' lang='grc' dir='ltr'><strong><em>ἀληθές,</em></strong></span> <span class='ocrx_word' id='word_1_227' title='bbox 443 3414 558 3479; x_wconf 83' lang='grc' dir='ltr'><strong><em>διὰτί</em></strong></span> <span class='ocrx_word' id='word_1_228' title='bbox 576 3418 635 3499; x_wconf 81' lang='grc' dir='ltr'><strong><em>μή,</em></strong></span> <span class='ocrx_word' id='word_1_229' title='bbox 661 3415 770 3499; x_wconf 78' lang='grc' dir='ltr'><strong><em>ὥσπερ</em></strong></span> <span class='ocrx_word' id='word_1_230' title='bbox 793 3417 854 3498; x_wconf 83' lang='grc' dir='ltr'><strong><em>την</em></strong></span> <span class='ocrx_word' id='word_1_231' title='bbox 877 3418 987 3500; x_wconf 72' lang='grc' dir='ltr'><strong><em>ψυχὴν</em></strong></span> <span class='ocrx_word' id='word_1_232' title='bbox 1009 3416 1103 3502; x_wconf 89' lang='grc' dir='ltr'><strong><em>διαρ-</em></strong></span> 
     </span>
     <span class='ocr_line' id='line_1_31' title="bbox 90 3516 1103 3606; baseline 0.002 -21"><span class='ocrx_word' id='word_1_233' title='bbox 90 3521 201 3604; x_wconf 81' lang='grc' dir='ltr'><strong><em>ρήδην</em></strong></span> <span class='ocrx_word' id='word_1_234' title='bbox 229 3518 266 3584; x_wconf 81' lang='grc' dir='ltr'><strong><em>έν</em></strong></span> <span class='ocrx_word' id='word_1_235' title='bbox 293 3518 418 3603; x_wconf 80' lang='grc' dir='ltr'><strong><em>ἑτέροις</em></strong></span> <span class='ocrx_word' id='word_1_236' title='bbox 440 3519 603 3604; x_wconf 79' lang='grc' dir='ltr'><strong><em>ἀγένητον</em></strong></span> <span class='ocrx_word' id='word_1_237' title='bbox 625 3516 712 3586; x_wconf 85' lang='grc' dir='ltr'><strong><em>εἶναι</em></strong></span> <span class='ocrx_word' id='word_1_238' title='bbox 735 3520 967 3606; x_wconf 80' lang='grc' dir='ltr'><strong><em>ἀποφαίνεται,</em></strong></span> <span class='ocrx_word' id='word_1_239' title='bbox 996 3521 1103 3599; x_wconf 82' lang='grc' dir='ltr'><strong><em>οὕτως</em></strong></span> 
     </span>
     <span class='ocr_line' id='line_1_32' title="bbox 90 3626 1103 3713; baseline 0 -21"><span class='ocrx_word' id='word_1_240' title='bbox 90 3626 148 3692; x_wconf 82' lang='grc' dir='ltr'><strong><em>καὶ</em></strong></span> <span class='ocrx_word' id='word_1_241' title='bbox 170 3628 231 3691; x_wconf 87' lang='grc' dir='ltr'><strong><em>τὸν</em></strong></span> <span class='ocrx_word' id='word_1_242' title='bbox 252 3629 380 3709; x_wconf 91' lang='grc' dir='ltr'><strong><em>κόσμον</em></strong></span> <span class='ocrx_word' id='word_1_243' title='bbox 402 3626 482 3710; x_wconf 76' lang='grc' dir='ltr'><strong><em>ἡμῖν</em></strong></span> <span class='ocrx_word' id='word_1_244' title='bbox 505 3629 542 3691; x_wconf 84' lang='grc' dir='ltr'><strong><em>έν</em></strong></span> <span class='ocrx_word' id='word_1_245' title='bbox 564 3650 631 3691; x_wconf 93' lang='grc' dir='ltr'><strong><em>τινι</em></strong></span> <span class='ocrx_word' id='word_1_246' title='bbox 654 3637 721 3691; x_wconf 81' lang='grc' dir='ltr'><strong><em>τῶν</em></strong></span> <span class='ocrx_word' id='word_1_247' title='bbox 739 3628 872 3692; x_wconf 89' lang='grc' dir='ltr'><strong><em>οἰκείων</em></strong></span> <span class='ocrx_word' id='word_1_248' title='bbox 890 3628 1103 3713; x_wconf 79' lang='grc' dir='ltr'><strong><em>συγγραμμά-</em></strong></span> 
     </span>
    </p>
   </div>
   <div class='ocr_carea' id='block_1_4' title="bbox 78 3816 1147 4032">
    <p class='ocr_par' dir='ltr' id='par_1_4' title="bbox 78 3816 1147 4032">
     <span class='ocr_line' id='line_1_33' title="bbox 167 3816 1125 3895; baseline 0.002 -23"><span class='ocrx_word' id='word_1_249' title='bbox 167 3824 208 3872; x_wconf 90' lang='grc'><strong><em>10.</em></strong></span> <span class='ocrx_word' id='word_1_250' title='bbox 227 3837 277 3873; x_wconf 88' lang='grc' dir='ltr'><strong><em>τον</em></strong></span> <span class='ocrx_word' id='word_1_251' title='bbox 295 3836 374 3880; x_wconf 84' lang='grc' dir='ltr'><strong><em>εντος</em></strong></span> <span class='ocrx_word' id='word_1_252' title='bbox 391 3816 420 3872; x_wconf 85' lang='grc' dir='ltr'>Μ</span> <span class='ocrx_word' id='word_1_253' title='bbox 438 3820 485 3888; x_wconf 81' lang='lat' dir='ltr'><strong>(cr.</strong></span> <span class='ocrx_word' id='word_1_254' title='bbox 504 3820 548 3888; x_wconf 75' lang='lat' dir='ltr'><strong><em>pt)</em></strong></span> <span class='ocrx_word' id='word_1_255' title='bbox 630 3823 671 3874; x_wconf 88' lang='grc'><strong><em>18.</em></strong></span> <span class='ocrx_word' id='word_1_256' title='bbox 691 3819 788 3895; x_wconf 62' lang='grc' dir='ltr'><strong><em>διίοἰς,</em></strong></span> <span class='ocrx_word' id='word_1_257' title='bbox 806 3836 843 3878; x_wconf 79' lang='lat' dir='ltr'><strong><em>ex</em></strong></span> <span class='ocrx_word' id='word_1_258' title='bbox 861 3821 943 3893; x_wconf 55' lang='grc' dir='ltr'><strong><em>οηδὶ</em></strong></span> <span class='ocrx_word' id='word_1_259' title='bbox 1018 3819 1125 3875; x_wconf 52' lang='lat' dir='ltr'><strong><em>‘AR</em></strong></span> 
     </span>
     <span class='ocr_line' id='line_1_34' title="bbox 90 3885 1147 3970; baseline 0.004 -27"><span class='ocrx_word' id='word_1_260' title='bbox 90 3896 153 3943; x_wconf 81' lang='lat' dir='ltr'><strong><em>ml</em></strong></span> <span class='ocrx_word' id='word_1_261' title='bbox 177 3889 224 3954; x_wconf 76' lang='lat' dir='ltr'><strong><em>(ad</em></strong></span> <span class='ocrx_word' id='word_1_262' title='bbox 243 3885 346 3956; x_wconf 60' lang='grc' dir='ltr'><strong><em>Ἄρεως)</em></strong></span> <span class='ocrx_word' id='word_1_263' title='bbox 366 3888 397 3941; x_wconf 78' lang='lat' dir='ltr'><strong><em>in</em></strong></span> <span class='ocrx_word' id='word_1_264' title='bbox 413 3905 478 3944; x_wconf 76' lang='lat' dir='ltr'><strong><em>mat</em></strong></span> <span class='ocrx_word' id='word_1_265' title='bbox 495 3914 517 3946; x_wconf 85' lang='lat'><strong><em>.:</em></strong></span> <span class='ocrx_word' id='word_1_266' title='bbox 546 3892 574 3947; x_wconf 90' lang='grc' dir='ltr'><strong><em>δι</em></strong></span> <span class='ocrx_word' id='word_1_267' title='bbox 601 3898 629 3949; x_wconf 74' lang='grc' dir='ltr'><strong><em>ῑῡ</em></strong></span> <span class='ocrx_word' id='word_1_268' title='bbox 651 3915 753 3969; x_wconf 90' lang='grc' dir='ltr'><strong><em>μηνων</em></strong></span> <span class='ocrx_word' id='word_1_269' title='bbox 844 3902 892 3956; x_wconf 58' lang='grc' dir='ltr'><strong><em>λδ,</em></strong></span> <span class='ocrx_word' id='word_1_270' title='bbox 913 3890 1147 3970; x_wconf 64' lang='grc' dir='ltr'><strong><em>εἰοτηηούμευοςΧ</em></strong></span> 
     </span>
     <span class='ocr_line' id='line_1_35' title="bbox 78 3956 789 4032; baseline 0.041 -28"><span class='ocrx_word' id='word_1_271' title='bbox 78 3972 267 4020; x_wconf 77' lang='grc' dir='ltr'><strong><em>ειπγγονμεναι</em></strong></span> <span class='ocrx_word' id='word_1_272' title='bbox 285 3956 321 4007; x_wconf 80' lang='grc' dir='ltr'><em>Μ</em></span> <span class='ocrx_word' id='word_1_273' title='bbox 388 3959 476 4015; x_wconf 81' lang='lat' dir='ltr'><strong><em>27.P</em></strong></span> <span class='ocrx_word' id='word_1_274' title='bbox 504 3965 525 4020; x_wconf 78' lang='grc' dir='ltr'><strong><em>δ.</em></strong></span> <span class='ocrx_word' id='word_1_275' title='bbox 546 3965 674 4028; x_wconf 74' lang='lat' dir='ltr'><strong>phaedr.</strong></span> <span class='ocrx_word' id='word_1_276' title='bbox 697 3974 789 4032; x_wconf 62' lang='lat' dir='ltr'><strong><em>MA</em></strong></span> 
     </span>
    </p>
   </div>
   <div class='ocr_carea' id='block_1_5' title="bbox 0 0 1202 4208">
    <p class='ocr_par' dir='ltr' id='par_1_5' title="bbox 0 0 1202 4208">
     <span class='ocr_line' id='line_1_36' title="bbox 0 0 1202 4208; baseline 0 1"><span class='ocrx_word' id='word_1_277' title='bbox 0 0 1202 4208; x_wconf 95' lang='lat' dir='ltr'><strong><em> </em></strong></span> 
     </span>
    </p>
   </div>
  </div>
 </body>
</html>
