2394 4208
627 22 690 51 *3:ss

657 60 732 81 ι,

34 21 852 326 m

74 545 121 600 κε
136 547 182 618 ιε]
359 545 407 600 οε
425 544 685 600 mamm
702 544 825 601 mm
1023 528 1099 612 465

77 733 159 773 τωνι
188 709 314 773 δοκοῦν
342 712 614 792 συλλογίζεσθαι,
641 711 784 795 κότερον
811 707 847 774 ἐκ
874 717 935 774 τοῦ
964 710 1091 794 λαβεῖν,

78 816 131 880 ὅτι
163 814 272 893 όίδιος
303 815 324 899 ή
356 816 435 899 ὕλη,
470 814 622 900 οὐδαμοῦ
652 824 753 881 τοῦτο
784 814 998 901 ὑποθεμένου
1029 823 1091 881 τοῦ

78 923 277 1005 Πλάτωνος,
304 923 359 999 ,τὰ
395 920 617 988 ἐναντιώτατα
657 932 729 1000 ταῖς
765 920 895 988 ἐκείνου
932 923 1091 1005 συνάγειν

76 1028 324 1112 ἀιιοφοίνσεσιν,
355 1030 401 1107 ὡς
432 1026 513 1099 οὐδὲ
545 1028 563 1094 ὁ
595 1031 719 1114 κόσμος
749 1027 819 1094 κατ’
851 1029 955 1094 αὐτὸν
985 1028 1092 1114 ἀρχήν

77 1144 139 1200 τοῦ
163 1131 249 1200 εἶναι
273 1140 421 1219 είληφεν,
444 1134 575 1201 ἐκείνου
598 1140 732 1222 λαμπρᾷ
754 1145 794 1221 τῇ
817 1145 914 1222 φωνή
936 1136 981 1219 μή
1005 1131 1091 1201 εἶναι
1117 1160 1131 1203 ε

79 1241 131 1306 ἀεὶ
159 1243 219 1306 τὸν
245 1245 373 1327 κόσμον
400 1241 471 1306 ἀλλ’
497 1242 603 1328 ἀρχήν
629 1245 718 1327 ἔχειν
739 1251 801 1307 τοῦ
824 1237 910 1307 εἶναι
933 1240 989 1307 καὶ
1010 1240 1093 1327 πρὶν

79 1346 239 1431 γενέσθαι
266 1350 311 1433 μή
339 1344 426 1414 εἶναι
455 1351 608 1426 εἰπόντος
634 1347 748 1413 τεκαὶ
770 1347 1019 1433 ἀποδείξαντος,
1047 1349 1092 1425 ὡς

79 1454 118 1519 ἐν
148 1463 195 1542 τῷ
224 1454 307 1543 ἕκτῳ
338 1459 576 1540 μεμαθήκαμεν
604 1457 710 1542 λόγςο,
739 1454 760 1540 ἣ
790 1454 827 1520 ἐκ
856 1463 916 1521 τοῦ
943 1456 1005 1539 τήν
1031 1463 1092 1520 τοῦ

76 1563 208 1645 κόσμου
240 1560 373 1645 γένεσιν
404 1561 510 1647 ἀρχήν
540 1565 630 1646 ἔχειν
660 1564 744 1627 κατὰ
771 1563 936 1627 Πλάτωνα
966 1561 1005 1633 τὸ
1036 1559 1092 1626 καί

77 1670 141 1751 τήν
177 1669 262 1752 ὕλην
297 1670 341 1753 μή
379 1663 464 1734 εἶναι
501 1666 571 1732 κατ’
604 1668 709 1733 αὐτὸν
739 1668 852 1733 ἀίδιον
883 1665 957 1732 ἀλλ’
987 1667 1093 1754 ἀρχήν
1107 1695 1133 1734 ιο

79 1779 169 1860 ἔχειν
200 1785 261 1840 τοῦ
298 1770 384 1841 εἶναι
422 1778 692 1859 συλλογίζεσθαι,
728 1773 792 1839 κδν
827 1775 871 1859 μή
908 1775 1094 1860 διαρρήδην

79 1891 182 1947 τοῦτο
210 1881 318 1966 λέγων
345 1886 518 1966 φαίνηται;
548 1881 613 1966 ἐγὼ
636 1879 698 1966 μὲν
720 1875 784 1947 οὖν
807 1876 910 1966 οἶμαι,
932 1882 977 1958 ὡς
993 1878 1093 1946 καντδ

80 1997 128 2076 τῷ
160 1989 245 2075 πρὸς
275 1987 439 2072 ἀλήθειαν
466 1986 624 2071 βλέποντι
653 1986 709 2052 καὶ
739 1988 777 2052 τὸ
811 1986 848 2053 ἐν
878 1997 949 2064 τοῖς
980 1989 1094 2071 λόγοις

81 2096 276 2161 ἀκόλουθόν
306 2118 342 2158 τε
373 2093 428 2160 καί
460 2096 650 2179 μαχόμενον
685 2092 859 2182 δυναμένῳ
895 2096 1025 2180 κρίνειν
1054 2093 1092 2157 τὸ

80 2204 241 2288 δεύτερον
264 2201 387 2286 ἀληθές
409 2225 445 2265 τε
467 2199 522 2266 καὶ
545 2200 730 2285 ἀναγκαῖον
747 2211 911 2286 φανεῖται.
956 2200 1093 2285 οὐκοῦν,
1107 2225 1133 2268 ιε

80 2310 112 2373 εί
139 2308 245 2394 ἀρχήν
272 2318 311 2393 τῇ
339 2317 399 2372 τοῦ
427 2309 555 2392 κόσμου
582 2306 709 2391 γενέσει
733 2309 874 2373 δίδωσιν
896 2307 914 2373 δ
939 2308 1092 2392 Πλάτων,

81 2413 138 2480 καὶ
165 2417 227 2498 τήν
252 2416 339 2498 ὕλην
366 2413 529 2500 ἄρξασθαι
557 2424 618 2480 τοῦ
645 2411 732 2480 εἶναι
758 2413 813 2480 καὶ
842 2414 904 2480 οὐκ
932 2413 1094 2498 ἀγένητον

82 2522 188 2605 αὐτήν
215 2517 295 2586 οὐδὲ
322 2520 435 2586 ἀίδιον
462 2519 560 2609 ᾤετο,
587 2521 687 2587 ὁπότε
713 2526 782 2606 καί,
810 2527 840 2586 εί
867 2520 980 2586 όίδιον
1007 2517 1093 2586 εἶναι

81 2631 144 2712 τὴν
166 2629 253 2712 ὕλην
275 2631 398 2711 ἔλεγεν,
421 2629 478 2693 ἵνα
500 2652 550 2704 τις
571 2627 627 2693 καὶ
649 2637 749 2693 τοῦτο
772 2631 997 2713 συγχωρήσαι,
1015 2625 1088 2692 οὐδ’

81 2737 189 2812 οὕτως
220 2736 257 2799 τὸ
290 2732 345 2799 καὶ
377 2735 438 2799 τὸν
468 2737 595 2818 κόσμον
627 2731 713 2800 εἶναι
745 2734 858 2799 ἀίδιον
888 2732 957 2799 κατ’
990 2733 1093 2800 αὐτὸν
1107 2761 1135 2802 κο

83 2845 263 2926 συνήγετο,
286 2842 331 2918 ὡς
354 2840 475 2927 ἀρτίως
498 2839 676 2926 ἐδείξαμεν.

319 2946 419 3024 Τέλος
442 2948 568 3025 λύσεως
590 2957 651 3012 τοῦ
674 2945 726 3013 ια’
749 2949 863 3031 λόγου.

155 3183 180 3231 8.
200 3176 234 3231 cf.
253 3194 317 3246 pag.
334 3181 394 3244 125,
410 3181 425 3229 9
440 3194 480 3245 sq.
502 3182 666 3245 136‚12sq.
740 3183 782 3232 21.
801 3194 866 3247 pag.
880 3183 973 3246 459‚5

114 4015 225 4058 Ioum
237 4019 404 4066 Ρκιιοεοκυι
419 4026 457 4070 od.
475 4028 572 4072 Rnbe.
