2394 4208
57 552 96 606 ιιι
112 554 156 626 10]
318 552 367 608 υιο
385 552 642 608 Λουκρητίου
660 553 781 609 πονοι
1000 554 1064 619 451
1094 594 1100 609 ..

56 713 183 798 γενέσει
215 717 256 780 τὰ
286 713 348 800 μὲν
379 715 416 781 ἐν
448 715 654 804 ὑποκειμένῳ
686 718 723 782 τὸ
756 711 843 782 εἶναι
877 719 1008 802 ἔχοντα,
1036 719 1066 782 εἴ

57 820 203 905 γε’νοιτο,
232 823 364 888 δεῖσθαι
391 823 474 906 ὕλης
501 821 557 888 καί
582 822 819 908 ὑποκειμένου,
847 825 903 888 ἵνα
932 821 1065 907 γένηται

58 926 96 992 ἐν
128 928 258 1016 ἐκείνῳ,
291 930 347 994 ἀτε
379 929 419 1012 δὴ
452 925 529 993 καθ’
562 928 645 994 αὑτὰ
680 924 766 994 εἶναι
802 930 845 1013 μὴ
883 929 1062 1015 δυνάμενα,

58 1033 170 1099 οὐκέτι
203 1033 316 1119 μέντοι
339 1036 377 1099 τὸ
400 1034 621 1119 ὑποκείμενον
649 1035 728 1100 αὐτὸ
751 1033 806 1100 καὶ
828 1036 849 1120 ἡ
871 1036 950 1120 ὕλη,
978 1042 1069 1122 εἴπερ

59 1145 213 1225 γίνοιτο,
236 1141 457 1225 ὑποκειμένου
480 1143 572 1218 τινὸς
593 1139 649 1207 καὶ
670 1142 753 1224 ὕλης
781 1142 946 1226 δεήσεται·
982 1142 1068 1208 οὕτω
1096 1167 1109 1210 ο

58 1249 120 1333 γὰρ
150 1245 260 1312 οὐκέτ’
284 1247 326 1312 ἀν
351 1243 395 1332 ἦν
428 1247 651 1332 ὑποκείμενον
672 1246 728 1312 καὶ
750 1248 813 1331 ὕλη
837 1246 907 1313 ἀλλ’
930 1247 967 1313 ἐν
987 1249 1069 1315 ὑπο-

58 1352 197 1442 κειμένῳ
232 1378 267 1419 τε
294 1352 348 1419 καλ
378 1349 475 1431 εἶδος.
521 1356 550 1419 εἴ
573 1352 602 1418 δ’
626 1354 710 1431 ὅλως
731 1353 786 1419 καῖ
809 1355 918 1420 δεῖταί
936 1356 1068 1440 τινοςὴ

57 1458 137 1544 ὕλη,
167 1462 226 1524 ἵνα
249 1460 397 1544 γένηται,
417 1462 528 1538 εἴδους
545 1461 676 1537 πάντως
694 1460 856 1544 δεήσεται·
879 1461 986 1546 ὥσπερ
1005 1463 1067 1548 γὰρ

58 1568 96 1631 τὸ
133 1570 255 1631 ἔνυλον
282 1563 371 1644 εἶδος
398 1568 479 1632 ἀνευ
505 1564 588 1650 ὕλης
615 1562 701 1632 εἶναι
724 1566 765 1631 οὐ
788 1567 941 1649 δύναται,
964 1564 1069 1645 οὕτως

59 1670 140 1738 οὐδὲ
176 1673 196 1757 ἡ
225 1671 305 1757 ὕλη,
332 1673 419 1738 καθὸ
446 1671 510 1757 ὕλη
539 1671 641 1756 ἐστίν,
669 1674 749 1738 ἀνευ
777 1673 888 1750 εἴδους
915 1668 1000 1737 εἶναι
1027 1675 1068 1739 οὕ
1082 1701 1109 1742 ιο

58 1781 198 1844 δύναται
228 1781 283 1844 διὰ
309 1780 346 1844 τὸ
374 1780 457 1865 πρὸς
485 1779 610 1863 ἀλληλα
637 1774 721 1843 εἶναι
749 1781 811 1863 την
836 1776 922 1861 ὕλην
944 1776 1059 1845 καὶτὸ

58 1883 162 1968 εἶδος,
190 1887 234 1963 ὡς
261 1884 315 1950 καὶ
343 1885 361 1950 ὁ
390 1887 543 1970 Πρόκλος
571 1884 608 1950 ἐν
633 1886 764 1962 τούτοις
792 1887 909 1969 φησίν·
949 1885 1059 1973 ὥσπερ

64 1988 128 2058 οὖν
155 1993 192 2057 τὸ
221 1995 399 2076 γινόμενον
426 1991 538 2070 δεξιὸν
564 1992 605 2058 οὕ
633 1990 744 2069 δεξιοῦ
772 1992 876 2057 δεῖται
901 1990 972 2056 ἀλλ’
996 1991 1066 2077 ἀρι-

58 2109 193 2184 στεροῦ,
224 2100 281 2163 ’ίνα
313 2097 446 2183 γένηται
478 2097 602 2182 δεξιόν,
634 2096 689 2163 καλ
720 2099 757 2163 τὸ
791 2097 965 2183 ἀριστερὸν
997 2098 1059 2164 οὐκ

60 2205 238 2292 ἀριστεροῦ
262 2205 345 2270 ἀλλά
367 2203 495 2291 δεξιοῦ,
522 2207 578 2271 ἵνα
600 2205 776 2291 ἀριστερὸν
803 2204 953 2289 γένηται,
980 2204 1035 2270 καὶ
1077 2231 1103 2274 ιι

59 2311 112 2376 ε’πῖ
149 2298 284 2376 κάντοου
314 2320 382 2375 τῶν
412 2313 497 2396 πρός
528 2334 560 2376 τι
590 2312 627 2376 τὸ
660 2310 887 2394 ἀντικείμενον
918 2320 979 2376 τοῦ
1001 2327 1042 2370 ¹01.
1051 2331 1113 2372 ιεοι.

59 2416 288 2502 ἀντικειμένου
316 2418 437 2501 δεῖται,
464 2419 521 2482 ἵνα
547 2418 689 2504 ὕκοστῇ,
717 2415 805 2482 οὕτω
834 2418 941 2501 δήπου
965 2416 1061 2502 καὶὴ

57 2523 139 2607 ὕλη,
162 2526 218 2588 ἵνα
241 2523 373 2608 γίνηται
396 2521 477 2608 ὕλη,
501 2523 563 2608 οὐχ
579 2521 662 2608 ὕλης
679 2521 749 2588 ἀλλ’
770 2524 882 2600 εἴδους
900 2524 1063 2608 δεήσεται·

57 2633 97 2695 τά
124 2632 186 2717 γὰρ
214 2632 298 2716 πρός
324 2654 355 2694 τι
385 2630 422 2694 ἐν
448 2640 487 2716 τῇ
514 2631 598 2716 πρὸς
624 2631 750 2713 ἀλληλα
777 2629 883 2715 σχίσει
911 2631 948 2694 τὸ
975 2626 1063 2695 εἶναι

58 2742 131 2823 ἔχει.
179 2737 256 2802 οὕτε
284 2731 346 2801 οὖν
372 2738 434 2820 τὴν
462 2733 549 2820 ὕλην
575 2735 675 2821 χωρίς
702 2736 802 2801 εἰδῶν
827 2730 912 2801 εἶναι
936 2734 1102 2822 ἐνδέχε-ιο

57 2869 125 2928 ται,
148 2845 235 2908 καθὸ
257 2840 321 2927 ὕλη
346 2842 436 2908 ἐστίν
459 2840 580 2929 (μάτην
601 2844 664 2929 γὰρ
688 2841 812 2930 ἔσται),
836 2843 913 2907 οὕτε
933 2844 974 2908 τὰ
991 2844 1062 2927 εἴδη

58 2950 157 3035 χωρὶς
184 2960 242 3034 τῆς
268 2947 351 3033 ὕλης
378 2946 472 3037 (οὐδὲ
501 2951 563 3036 γδρ
590 2949 773 3033 ὑποστῆναι
798 2947 876 3013 καθ’
899 2948 982 3014 αὑτοὶ
1004 2951 1062 3015 δύ·

57 3081 152 3122 ναται
171 3055 272 3143 χωρὶς
288 3054 398 3142 ὕλης)·
421 3056 458 3120 τὸ
477 3054 592 3142 ἕτερον
609 3050 673 3121 οὕν
689 3065 749 3120 τοῦ
773 3053 887 3141 ἑτέρου
912 3055 1061 3138 δεήσεται

57 3161 113 3227 κοιλ
139 3163 200 3228 οὐκ
224 3162 306 3228 αὕτὸ
330 3162 433 3226 αὑτοῦ
456 3160 476 3244 ἢ
500 3171 561 3227 τοῦ
584 3160 711 3246 ὁμοίου.
748 3161 793 3238 ὡς
815 3155 933 3225 οὖντὸ
952 3159 1062 3244 λέγειν

56 3272 96 3334 τὰ
126 3271 197 3354 εἴδη
229 3270 361 3334 δεῖσθαι
390 3265 489 3351 ὕλης,
519 3269 575 3333 ἵνα
601 3267 750 3352 γίνηται,
781 3266 843 3332 οὐκ
871 3267 993 3349 εἰσάγει
1020 3268 1061 3332 τὰ
1074 3292 1101 3336 ιε

58 3381 159 3442 ε”νυλα
194 3377 265 3459 εἴδη
302 3374 393 3440 ἀίδια
431 3373 551 3461 (ἀρχὴν
582 3376 644 3459 γὰρ
675 3381 735 3438 τοῦ
768 3369 853 3438 εἶναι
884 3372 939 3438 καὶ
969 3372 1062 3452 τέλος

58 3487 174 3567 ἔχοντα
201 3481 348 3568 ἐναργῶς
370 3477 518 3568 ὁρᾶται),
547 3477 652 3556 οὕτως
674 3476 755 3544 οὐδὲ
777 3480 816 3543 τὸ
839 3480 972 3544 δεῖσθαι
994 3490 1061 3544 τῶν

60 3590 162 3653 εἴδῶν
191 3589 253 3670 τὴν
280 3585 376 3671 ὕλην,
406 3592 498 3670 εἴπερ
530 3589 671 3670 γίνοιτο,
702 3585 813 3650 ἀίδιον
843 3580 928 3650 εἶναι
957 3585 1060 3669 αὐτὴν

129 3854 168 3902 12.
186 3866 250 3919 pag.
266 3852 324 3916 404,
341 3853 356 3902 6
447 3853 669 3999 Ιόἓαριοτερυν
688 3848 876 3925 γενηταιῇἱ
965 3851 1021 3896 Ἃ.
1038 3842 1101 3903 *M

50 3939 118 3973 αντε
135 3919 223 3973 ἀατον
239 3918 273 3970 Μ
342 3924 383 3975 28.
404 3920 468 3978 fort.
514 3922 570 3999 τδ>
589 3921 689 3981 ἀίδιον
712 3921 792 3981 εἶναι

894 4004 957 4059 Ἃ*
