2394 4208
14 254 28 263 ,,
638 234 672 254 ,Ι

57 569 135 640 XIV]
322 569 370 623 DE
390 569 646 624 AETERNITATE
666 570 788 626 MVNDI
1001 571 1066 635 539

56 739 202 816 είπομεν.
249 734 277 796 εἰ
301 731 330 796 δ’
355 727 418 797 οὖν
440 735 501 817 τὴν
523 733 608 817 ὕλην
630 736 691 818 την
713 744 770 819 τῆς
798 733 957 818 γενέσεως
984 734 1067 799 ὑπο-

58 841 161 924 δοχὴν
190 839 289 916 αὐτὸς
317 839 470 924 ἐποίησεν
498 840 516 905 ὸ
544 842 643 906 τοῦδε
670 850 730 906 τοῦ
757 843 881 919 παντὸς
909 845 1066 925 τεχνίτης,

56 946 77 1029 ἢ
106 945 160 1010 καὶ
188 948 227 1010 τὰ
257 951 329 1030 ίχνη
357 958 425 1011 τῶν
452 948 552 1012 εἰδῶν
579 947 679 1024 αὐτὸς
707 947 902 1031 ὑπέστησεν,
933 946 989 1031 ἀφ’
1018 942 1066 1012 ὧν

58 1052 185 1135 ἐγίνετο
212 1057 408 1136 πλημμελῶς
435 1051 490 1117 καὶ
518 1053 664 1130 ἀτάκτως
686 1053 865 1138 κινουμένη
889 1052 965 1119 καθ’
990 1052 1065 1118 ἑαυ-

55 1161 117 1241 τὴν
149 1158 301 1242 ἀκίνητος
331 1153 415 1223 οὖσα
445 1157 499 1223 καὶ
529 1164 696 1236 παντελῶς
727 1159 890 1244 ἀνείδεος,
917 1159 937 1243 ἢ
966 1159 1065 1225 ἀλλοι-
1093 1183 1106 1224 ε

56 1269 161 1349 χόῦεν
189 1267 235 1341 εἰς
262 1267 323 1348 τὴν
349 1266 435 1349 ὕλην
461 1268 555 1349 ἥκειν
582 1275 685 1331 ταῦτα
712 1270 864 1350 φήσομεν
887 1265 951 1332 ἀπό
974 1291 1065 1344 τινος

56 1374 160 1436 ἀλλον
180 1381 302 1455 νοητοῦ
322 1371 376 1436 καὶ
396 1373 499 1437 αὐτοῦ
523 1379 616 1438 θεοῦ.
654 1375 683 1438 εί
706 1371 767 1458 μὸν
790 1368 853 1439 οὐν
877 1373 976 1449 αὐτὸς
998 1385 1065 1438 τῶν

56 1481 159 1563 ἰχνῶν
181 1481 309 1542 τούτων
333 1485 451 1562 αἴτιος,
474 1491 544 1555 πῶς
567 1479 628 1544 οὐκ
647 1479 859 1544 ἀτοπώτατον
876 1490 986 1544 ποιεῖν
1003 1476 1065 1563 μὲν

57 1586 196 1669 εὐεργὸν
228 1587 289 1668 τὴν
322 1585 407 1669 ὕλην
437 1588 484 1663 είς
513 1587 574 1669 την
605 1596 662 1669 τῆς
694 1585 852 1669 γενέσεως
883 1585 1064 1670 ὑποδοχήν,

55 1694 188 1756 διδόναι
216 1689 252 1756 δὲ
281 1700 398 1775 ταῦτα,
427 1690 484 1776 ἀφ’
508 1687 556 1757 ὧν
579 1692 641 1756 οὐκ
664 1692 800 1776 εὐεργὸς
823 1695 959 1776 ἔμελλεν
982 1690 1064 1756 ἀλλὰ
1078 1716 1104 1754 ιο

55 1800 220 1881 δυσεργὸς
248 1802 382 1863 ἔσεσθαι
411 1800 494 1883 πρὸς
521 1800 583 1882 την
605 1809 662 1883 τῆς
685 1798 843 1882 γενέσεως
865 1799 1063 1876 ὑπόστασιν;

55 1906 92 1969 τὸ
117 1908 179 1991 γὰρ
204 1907 345 1969 ἄτακτον
367 1913 413 1991 τῷ
436 1906 620 1993 τεταγμένῳ
644 1906 791 1989 μάχεται·
814 1905 834 1988 η
859 1901 895 1969 δέ
914 1905 1063 1988 ὑποδοχὴ

55 2022 112 2094 τῆς
136 2010 293 2094 γενέσεως
312 2011 353 2075 οὐ
372 2013 507 2096 μάχεται
525 2013 609 2098 πρὸς
627 2013 688 2095 την
705 2011 906 2096 τεταγμένην
924 2010 1064 2094 γένεσιν.

55 2120 85 2181 εἰ
114 2114 150 2182 δέ
180 2120 279 2194 ἀλλος
306 2142 355 2195 τις
382 2130 449 2182 τῶν
477 2120 579 2203 ἰχνῶν
607 2125 725 2203 αἴτιος,
752 2131 822 2196 πῶς
850 2119 912 2183 οὐκ
940 2120 1064 2200 ἀλογον

57 2225 159 2289 αὐτὸν
182 2222 243 2308 μὲν
267 2225 406 2311 εὐεργὸν
424 2236 543 2308 ποιεῖν,
563 2224 691 2290 ἐκεῖνον
710 2222 746 2290 δὲ
766 2226 940 2311 δυσεργόν,
960 2224 1063 2289 αὐτὸν
1076 2246 1103 2288 ιε

56 2328 92 2395 δὲ
120 2332 309 2416 περιμένειν
337 2330 493 2414 γενέσθαι
520 2335 684 2418 πρότερον
707 2334 882 2418 δυσεργόν,
909 2332 952 2415 ἣν
976 2331 1064 2396 ἐποί-

54 2456 135 2520 ησεν
159 2438 307 2522 εὐεργὸν,
331 2437 374 2501 ἵν’
398 2438 540 2524 ὕστερον
561 2441 683 2524 ποιηση
706 2437 760 2503 καὶ
780 2449 888 2522 τοῦτο,
908 2434 949 2502 οὗ
968 2437 1064 2503 ἕνεκα

55 2544 196 2628 εὐεργὸν
224 2544 326 2609 ἐποίει
354 2547 416 2628 τὴν
441 2545 537 2629 ὕλην,
565 2547 674 2631 ὥσπερ
703 2545 765 2611 οὐκ
793 2544 833 2609 δν
856 2546 1003 2610 δυνατὸν
1025 2545 1062 2609 τὸ

55 2650 242 2735 έπιτηδειον
260 2657 410 2717 τελειοῦν
428 2653 471 2736 μὴ
491 2655 673 2736 γενόμενον
692 2652 933 2736 ἀνεπιτήδειον·
958 2653 986 2716 εί
1002 2647 1064 2735 μὲν

55 2759 118 2841 γὰρ
147 2758 286 2841 εὐεργὸν
314 2757 418 2823 ἐποίει
445 2759 529 2844 πρὸς
556 2759 593 2822 τὸ
621 2760 662 2823 τὸ
690 2765 762 2843 ίχνη
791 2757 949 2835 δέξασθαι
976 2760 1104 2841 μόναεο

55 2876 122 2928 τῶν
145 2866 245 2928 εἰδῶν
264 2863 441 2929 αὐτὸκαθ’
466 2865 559 2949 αὑτά,
573 2867 699 2929 ἄτοπον
717 2862 822 2950 (ἔσται
841 2866 904 2949 γὰρ
924 2864 1063 2949 εὐεργὸν

54 2981 161 3034 ποιῶν
182 2972 266 3056 πρὸς
285 2972 321 3034 τὸ
342 2973 483 3036 ἄτακτον
506 2969 663 3054 γενέσθαι
687 2969 843 3059 γένεσιν),
867 2973 896 3036 ελ
920 2968 956 3036 δὲ
979 2972 1064 3057 πρὸς

54 3077 135 3160 <τὸ>
168 3078 229 3159 την
260 3076 460 3161 τεταγμένην
495 3075 653 3154 δέξασθαι
689 3077 832 3161 γένεσιν,
867 3088 950 3161 πῶς,
988 3076 1064 3155 ἐξὸν

54 3185 121 3266 ἅμα
147 3192 193 3270 τῷ
222 3183 361 3268 εὐεργὸν
389 3183 582 3249 ἀποτελέσαι
602 3181 606 3270 λ
627 3185 688 3267 τὴν
717 3185 874 3267 τοιαύτην
902 3184 983 3248 ὑπο·
1002 3201 1116 3241 rolm-

54 3301 170 3373 στῆσαι
198 3289 344 3372 γένεσιν,
371 3289 563 3375 περιέμενεν
589 3290 746 3373 γενέσθαι
775 3292 836 3374 τὴν
862 3288 986 3374 ἑτέραν,
1014 3287 1057 3354 ἵν’
1076 3315 1103 3356 ιτ

54 3396 159 3473 οὕτως
192 3396 275 3481 ἐνδῄ
307 3404 353 3484 τῷ
387 3397 513 3486 ἀτάκτῳ
543 3396 645 3481 τάξιν,
678 3399 787 3482 ὥσπερ
820 3400 900 3462 ἀνευ
931 3394 1063 3473 ἀταξίας

52 3502 145 3579 τάξιν
172 3503 355 3586 ὑποστῆσαι
383 3505 426 3587 μὴ
458 3504 656 3587 δννάμενος;
694 3505 723 3568 εί
753 3505 793 3586 δη
824 3512 927 3567 ταῦτα
958 3505 1064 3568 ἀτοπα

126 3683 148 3730 1.
167 3678 232 3758 τῆς]
247 3698 298 3747 γης
315 3677 344 3730 Μ
424 3684 450 3731 4.
469 3679 667 3747 πλημμελωχςλ,
687 3694 764 3745 exv,
783 3677 812 3729 M
891 3683 931 3731 10.
952 3678 981 3730 Μ
999 3683 1060 3730 ml

53 3749 90 3801 ad
113 3769 201 3802 ταντα
224 3748 253 3800 in
276 3765 368 3818 marg·
401 3768 435 3801 τα
462 3757 524 3818 Ιι·χνη
548 3748 616 3817 (pt'
608 3766 637 3801 m
656 3751 748 3802 textu.
778 3747 808 3802 δὲ
827 3748 862 3802 τὸ
882 3749 945 3818 ἴχνη
964 3753 1062 3816 ταῦτα)

126 3826 166 3873 12.
186 3819 379 3889 τετοηγλμενοκ
397 3819 426 3871 Μ
499 3769 540 3872 2⁷¹3.
560 3819 591 3873 τὸ
611 3819 676 3873 add.
694 3824 729 3889 pk
804 3827 853 3872 Ὑὸ
863 3827 913 3871 Ἃ
930 3818 1038 3880 εξὸνὲι
1016 3837 1081 3879 ψ

46 3943 100 4009 τῷ]
114 3943 185 4004 εξων
203 3942 263 4010 ἀμα
280 3942 312 3996 τὸ
330 3943 363 3997 Μ
380 3886 458 4015 (έξδν
478 3947 510 4019 p)
587 3952 634 4003 27.
655 3953 827 4016 ὐποοτηνοιι
838 3942 880 3995 *A
