2394 4208
52 597 141 650 xvlss
158 604 180 652 1.
196 600 224 669 ε]
328 596 376 651 DE
394 595 653 652 ΑΕΤΕΒΝΙΤΑΤΕ
671 596 793 651 MVNDI
998 595 1063 660 613

54 760 195 846 τετᾶρτφ
220 763 307 847 λόγῳ
331 758 512 844 μονονουχὶ
535 768 607 836 ταῖς
630 759 745 836 αὐταῖς
768 765 893 845 εἴρηται
923 757 1063 836 λέξεσιν·

53 868 90 930 τὸ
115 868 177 951 γὰρ
202 863 368 953 ἄκίνηΙτον
391 861 476 930 εἰναι
498 866 558 929 τὸν
582 866 797 951 δημιουργόν,
816 866 982 953 ὅπερίκεῑ
1000 883 1039 924 101·
1049 883 1116 924 mv.

55 979 191 1056 εἴρηται,
219 969 352 1056 ταύτόν,
381 971 431 1036 ὅτι
458 972 495 1035 τὸ
525 970 574 1036 ἄεί
602 973 683 1036 κατὰ
710 974 750 1036 τὰ
773 971 856 1037 αὐτὰ
878 971 933 1037 καί
958 973 1063 1038 ὡσαύ-

54 1103 117 1154 τως
137 1082 234 1162 ἔχειν,
249 1079 329 1162 ὅπερ
348 1077 496 1143 ἐνταῦθα
515 1076 676 1142 λέλεκται·
699 1078 800 1142 πόλιν
814 1078 851 1141 τὸ
866 1081 927 1162 τὴν
941 1082 1064 1164 εἰκόνα,

55 1184 138 1268 λέγω
168 1187 208 1268 δὴ
239 1186 299 1250 τὸν
321 1186 462 1268 κόσμον,
493 1183 612 1267 ὁμοίαν
635 1180 720 1248 εἰναι
744 1192 790 1272 τῷ
813 1186 1063 1270 παραδείγματι,
1091 1209 1104 1253 5

54 1293 138 1375 πρὸς
162 1290 179 1355 ὃ
204 1291 352 1375 γέγονεν,
376 1299 435 1354 τοῦ
460 1286 497 1354 δί
520 1290 783 1375 παραδείγματος
807 1292 945 1356 αἰωνίου
969 1294 1065 1370 ἄντος

55 1400 99 1482 μη
131 1400 237 1474 ἄλλως
267 1398 356 1484 αὐτῷ
387 1398 581 1480 ὡμοιῶσθαι
612 1396 678 1460 τὸν
702 1400 837 1481 κόσμον,
871 1399 900 1461 εἰ
932 1400 975 1482 μὴ
1005 1394 1059 1482 ἐφ’

56 1502 192 1589 ἑκάτερα
216 1507 284 1588 ἔχοι
307 1505 369 1586 την
392 1503 545 1587 ἀπειρίαν
568 1511 628 1567 τοῦ
652 1505 785 1588 χρόνον,
809 1502 846 1568 ἐν
868 1512 914 1592 τῷ
939 1501 984 1568 ιε’
1010 1522 1065 1568 σα-

56 1622 128 1694 φῶς
152 1617 290 1695 εἴρηται·
321 1613 368 1674 ἔτι
392 1606 429 1674 δὲ
452 1610 489 1673 τὸ
513 1608 661 1692 ἄνᾶνκην
685 1604 769 1674 εἰναι
792 1608 812 1692 ἢ
838 1611 936 1694 ἄμφω
964 1613 1067 1687 θεοὺς

56 1713 153 1800 εἶναι,
183 1716 237 1781 καί
265 1717 325 1781 τὸν
353 1717 559 1800 δημιουργὸν
586 1713 641 1780 καί
669 1716 728 1779 τὸν
755 1718 890 1800 κόσμον,
918 1715 938 1799 ἢ
967 1716 1064 1800 μηδέ·
1081 1741 1106 1782 ιο

55 1848 153 1908 τερον
171 1828 236 1907 καί,
255 1825 284 1888 εἰ
304 1825 402 1907 ἄμφω
426 1827 513 1907 θεοί,
537 1823 658 1906 ὁμοίως
681 1820 840 1898 ἄδέκτους
863 1817 948 1886 εἶναι
971 1846 1067 1907 μετα-

56 1932 156 2014 βολης
189 1928 398 2015 ἀμφοτέρους
430 1930 486 1993 διὰ
517 1930 554 1993 τὸ
585 1930 621 1992 τὸ
655 1938 722 1992 πᾶν
753 1939 820 1993 τῶν
850 1934 942 1993 θεῶν
970 1927 1067 2011 γένος

56 2046 211 2101 τοιοῦτον
239 2033 339 2120 εἶναι,
372 2036 433 2100 οὐκ
464 2032 549 2100 εἶναι
581 2032 617 2099 δί
645 2038 826 2119 μεταβολῆς
853 2036 914 2099 τὸν
940 2036 1067 2119 κόσμον

57 2130 212 2224 ἄδεκτον,
250 2148 339 2225 εἰπερ
374 2141 408 2205 ἐκ
440 2151 500 2206 τοῦ
533 2141 674 2205 ότᾶκτου
708 2141 846 2224 γέγονεν
878 2140 931 2205 καὶ
963 2135 1067 2218 αὖθις

56 2251 231 2332 μεταβαλεῖ
254 2250 301 2324 εἰς
324 2248 361 2311 τὸ
381 2249 532 2331 ἄτακτον,
552 2246 652 2334 ἐντῷ
671 2245 709 2312 θ’
724 2251 948 2333 προείληπται.
981 2249 1063 2313 ὥστε
1078 2272 1104 2315 15

58 2356 178 2438 σχεδὸν
192 2351 296 2438 μηδὲν
315 2353 351 2417 ἐν
370 2362 415 2440 τῷ
434 2353 638 2440 προκειμένῳ
658 2357 745 2442 λόγῳ
765 2357 960 2438 καινότερον
979 2349 1065 2419 εἰναι

58 2461 258 2544 ἐπιχείρημα
304 2464 339 2524 τί
359 2454 423 2524 οὖν
446 2460 497 2525 δεῖ
519 2461 559 2525 τὰ
582 2460 666 2525 αὐτὰ
687 2459 763 2546 περὶ
786 2472 854 2524 τῶν
877 2461 988 2526 αὐτῶν
1016 2461 1066 2526 λε’-

58 2590 130 2648 μειν
157 2566 241 2648 ἡμᾶς
268 2567 330 2650 ἤδη
359 2566 442 2650 πρὸς
465 2565 605 2630 ἕκαστον
628 2567 672 2643 ὡς
696 2568 837 2651 δύναμις
860 2567 1067 2652 ἀπαντήσαν-

59 2697 115 2747 τας
140 2672 176 2735 ἐν
199 2682 268 2748 τοῖς
292 2673 479 2756 φθόσασιν;
503 2681 665 2737 τοσοῦτον
688 2668 751 2737 οὖν
773 2676 880 2757 μόνον
899 2676 1067 2757 σύντομον

58 2777 206 2841 ἐνταῦθα
228 2789 296 2842 τῶν
319 2777 502 2863 εἰρημένων
523 2778 713 2862 ὑπόμνησιν
731 2781 947 2864 ποιησόμενοι
966 2779 1068 2866 πέρας
1082 2807 1108 2847 ιο

59 2887 123 2949 σὺν
146 2890 216 2973 θεῷ
239 2883 294 2949 καί
317 2885 410 2970 ἡμεῖς
433 2884 602 2969 ἐπιθῶμεν
625 2893 670 2973 τῷ
694 2889 791 2974 λόγῳ.

124 2988 167 3072 β’.
198 2993 242 3055 Εἰ
266 2989 316 3055 ἄεί
339 2993 421 3055 κατὰ
447 2993 488 3055 τδι
515 2990 612 3075 αὐτό,
640 2996 754 3077 φησίν,
781 2990 835 3056 καί
864 2993 1021 3070 ὡσαύτως
1049 2993 1067 3058 ό

59 3098 262 3182 δημιουργὸς
285 3101 361 3181 ἔχει,
385 3096 544 3162 οὐδέποτε
567 3099 682 3162 ἄλλοτε
707 3100 813 3175 ἄλλως
837 3102 911 3183 ἔχει.
957 3101 986 3163 εἰ
1008 3125 1067 3184 μη-

59 3205 175 3269 δέποτε
199 3206 315 3268 ἄλλοτε
339 3205 445 3280 ἄλλως
468 3207 549 3288 ἔχει,
569 3203 609 3268 οὐ
632 3201 711 3269 ποτὲ
734 3201 795 3289 μὲν
817 3216 906 3270 ποιεῖ
928 3202 1007 3270 ποτὲ
1030 3203 1068 3270 δὲ

58 3313 99 3376 οὐ
122 3322 224 3376 ποιεῖ·
247 3319 350 3374 ταῦτα
373 3312 435 3396 γὰρ
460 3311 576 3375 ἄλλοτε
600 3311 706 3387 ἄλλως
731 3315 816 3396 ἔχειν
845 3311 945 3396 ἐστίν,
972 3334 1065 3395 ποιη-
1081 3337 1107 3379 ιε

57 3429 154 3495 τικῶς
181 3416 267 3500 λέγω
295 3415 349 3481 καί
378 3418 421 3501 μὴ
449 3404 627 3500 ποιητικῶς
660 3412 761 3493 αὖθις
792 3416 855 3505 καὶ,
881 3430 1067 3502 ποιητικῶς.

131 3617 153 3663 1.
178 3610 206 3662 M
224 3615 285 3663 m1
312 3609 348 3663 ad
372 3629 523 3679 μονονουχι
545 3612 603 3664 not.
625 3626 726 3679 marg:
759 3611 858 3679 σχεδον
881 3629 961 3680 εχυς

59 3688 82 3734 2.
102 3697 166 3749 pag.
182 3686 225 3746 55,
240 3686 273 3733 25
289 3698 328 3747 sq.
416 3687 439 3733 3.
459 3680 503 3751 τὸ]
522 3699 571 3733 τοι
589 3680 619 3733 Μ
705 3687 728 3734 6.
748 3681 818 3748 πρὸς
837 3678 851 3735 ὃ
870 3632 984 3751 χᾶμονεν
1003 3685 1068 3750 post

57 3759 82 3805 4.
103 3748 198 3805 εἰκόνα
217 3750 349 3819 leguntur
366 3750 396 3804 in
414 3751 456 3819 M;
485 3750 644 3820 transposui
716 3758 738 3804 S.
759 3767 824 3822 pag.
840 3757 901 3820 549,
917 3758 930 3806 7
947 3770 988 3819 τα.

57 3831 81 3876 9.
103 3821 242 3893 ἀνάγκην]
262 3841 369 3891 αναγκη
389 3822 418 3876 Μ
492 3827 532 3876 15.
550 3837 616 3893 pag.
632 3828 721 3891 313,’ἰ
739 3840 784 3892 sq.
856 3827 907 3874 KQ.
924 3820 1099 3882 δουαριΧὲΧ,

58 3911 92 3947 ex
111 3913 135 3958 ν,
154 3893 184 3944 Μ
290 3898 330 3946 20,
351 3895 522 3967 εντχαυθαί,
541 3909 577 3949 ex
598 3899 699 3966 ευθεν,
720 3895 758 3949 Μ
872 3881 1122 3956 mmmm&

49 3980 84 4014 ex
100 3982 126 4025 ς,
146 3962 179 4062 Μ
284 3968 323 4018 22,
343 3981 410 4034 pag.
428 3971 492 4036 605,
510 3973 527 4022 5
543 3986 587 4040 sq.
