2394 4208
77 499 105 554 X
120 501 147 573 3]
347 499 396 555 DE
414 500 671 556 AETERNITATE
688 501 810 557 MVNDI
1022 501 1085 568 391

77 663 258 748 ἀλλοτρίου
286 666 390 729 τόπου
417 665 519 730 πάλιν
546 666 593 742 εἰς
621 665 797 751 ἀλλότριον
823 664 878 730 καί
906 666 988 731 εἰδει
1016 666 1087 731 διοι-

77 769 227 854 φίροντα
254 771 471 855 μεταβάλλειν
498 773 657 837 δυνατόν·
694 769 774 837 οὐδὲ
801 774 864 858 γάρ
888 774 980 838 ἔστιν
1002 772 1087 849 ὅλως

77 874 112 955 ἐξ
137 876 314 964 άίἰοτρίου
338 879 442 942 τόπου
466 879 515 954 εἰς
538 876 714 964 άίἰότριον
736 880 915 962 μεταβολή·
937 880 1085 965 τῶνγὰρ

78 987 253 1068 στοιχείων
284 984 418 1049 πάντων
450 995 517 1048 τῶν
548 981 609 1068 μὲν
641 985 750 1049 όντων
780 983 910 1069 βαρέων
945 996 1012 1050 τῶν
1049 983 1086 1051 δὲ

77 1090 219 1173 κούφων
242 1091 304 1155 δύο
327 1088 381 1155 καὶ
405 1091 438 1155 οἰ
461 1093 543 1155 κατά
566 1091 672 1174 φύσιν
694 1089 782 1156 εἰσίν
799 1094 894 1156 τόποι
913 1102 980 1156 τῶν
998 1109 1087 1157 στοι-
1113 1116 1128 1158 ε

78 1200 191 1280 χείων·
232 1206 300 1259 τῶν
330 1193 392 1280 μὲν
422 1198 485 1281 γὰρ
518 1195 648 1282 βαρέων
679 1198 716 1262 τὸ
749 1197 834 1261 κάτω
866 1195 887 1280 ἢ
917 1197 954 1262 τὸ
983 1197 1086 1282 μέσον

78 1301 172 1368 ἐστὶν
195 1302 213 1367 ὁ
236 1304 318 1367 κατὰ
341 1303 446 1386 φύσιν
468 1305 583 1385 τόπος,
606 1314 673 1367 τῶν
696 1299 734 1368 (ἰί
755 1303 895 1386 κούφων
916 1304 953 1368 τὸ
977 1303 1085 1388 άνωῆ

75 1411 116 1474 τὸ
140 1408 242 1495 πέριξ.
277 1419 367 1475 πᾶσα
389 1404 452 1475 οὖν
475 1411 556 1473 κατά
579 1411 684 1475 τόπον
706 1420 773 1474 τῶν
796 1413 969 1494 στοιχείων
990 1433 1085 1494 μετα-

77 1518 162 1598 βολὴ
185 1515 205 1599 ἢ
229 1518 363 1581 ἄνωθεν
385 1516 472 1580 κάτω
495 1515 515 1599 ἦ
539 1516 692 1580 κάτωθεν
714 1517 782 1581 άνω
806 1519 940 1599 γίνεται.
980 1517 1001 1600 ἡ
1024 1513 1086 1601 μὲν

77 1618 143 1688 οὖν
169 1624 322 1687 κάτωθεν
348 1624 417 1687 άνω
445 1624 608 1706 μεταβολὴ
637 1632 704 1687 τῶν
729 1618 791 1706 μὲν
813 1622 951 1706 κούφων
975 1621 1085 1710 (ἀέρος
1099 1649 1125 1688 ιο

75 1728 134 1794 καί
156 1727 276 1815 πυρός)
301 1727 336 1792 ίκ
358 1738 418 1793 τοῦ
443 1728 620 1814 ἀλλοτρίου
643 1726 697 1793 κοιί
721 1730 809 1813 παρὰ
832 1729 938 1812 φύσιν
961 1730 1008 1806 εἰς
1026 1731 1085 1795 τὸν

74 1838 204 1902 οἰκεῖον
239 1834 294 1900 καί
331 1837 412 1899 κατά
448 1836 554 1919 φύσιν
590 1833 680 1900 ἐστὶν
720 1837 899 1918 μεταβολή,
939 1845 1007 1899 τῶν
1047 1832 1085 1900 όί

74 1942 209 2029 βαρέων
241 1940 315 2029 (γῆς
347 1941 401 2006 καί
433 1940 569 2028 ὕδατος)
603 1941 639 2007 ἐκ
670 1950 730 2006 τοῦ
763 1943 889 2006 οἰκείου
918 1940 973 2006 καί
1003 1943 1086 2007 κατὰ

74 2051 185 2135 φύσιν
208 2050 255 2127 εἰς
277 2050 337 2114 τὸν
360 2048 537 2134 ἀλλότριον
559 2046 614 2113 καί
636 2050 725 2134 παρὰ
748 2048 867 2132 φύσιν
896 2048 917 2133 ἡ
941 2045 978 2113 όί
1001 2050 1084 2114 ἅνω-

72 2162 142 2221 θεν
170 2156 256 2220 κάτω
287 2166 355 2219 τῶν
384 2150 445 2238 μὲν
475 2154 614 2238 κούφων
644 2153 680 2218 ἐκ
708 2162 769 2219 τοῦ
797 2155 923 2219 οἰκείου
952 2156 998 2232 εἰς
1026 2157 1086 2220 τόν
1099 2180 1125 2221 ιε

74 2261 265 2348 ἀλλότριον,
288 2272 355 2326 τῶν
378 2258 415 2325 δὲ
438 2259 567 2346 βαρέων
590 2260 762 2325 ἀνάπαλιν.
799 2261 882 2326 ὥστε
899 2271 986 2325 πᾶσα
1003 2264 1085 2327 κατὰ

74 2372 182 2434 τόπον
204 2378 272 2433 τῶν
295 2371 467 2452 στοιχείων
489 2368 652 2451 μεταβολὴ
675 2366 695 2450 ἣ
716 2365 751 2431 ἐκ
769 2376 830 2432 τοῦ
849 2368 974 2432 οἰκείου
994 2366 1085 2432 ἐστὶν

75 2477 126 2552 εἰς
149 2477 208 2540 τὸν
231 2475 408 2560 ἀλλότριον
430 2474 450 2558 ἣ
475 2472 510 2537 ἰκ
530 2481 591 2538 τοῦ
610 2473 787 2559 ἀλλοτρίου
807 2475 853 2551 εἰς
872 2475 931 2538 τὸν
950 2475 1084 2540 οἰκεῖον.

75 2579 110 2658 ἐξ
144 2580 320 2667 ἀλλοτρίου
354 2578 390 2645 δὲ
420 2582 424 2664 ἰ
455 2581 502 2656 εἰς
533 2579 710 2664 άίἰότριον
741 2579 795 2645 καί
824 2581 905 2644 είόει
933 2581 1003 2644 όια-
1023 2598 1139 2640 rol-mm·

74 2687 225 2773 φέροντα
252 2688 313 2752 οὐκ
341 2687 506 2771 ἐνδέχεται
535 2681 619 2750 εἰναι
648 2690 797 2769 κίνησιν,
830 2687 858 2751 εἰ
888 2690 933 2770 μή
963 2711 1013 2764 τις
1040 2688 1124 2764 dagno

75 2792 131 2859 ίπί
154 2797 193 2858 τά
215 2795 339 2878 πλάγιοι
361 2797 463 2858 λίθον
486 2791 699 2857 άκοντίσειεν.
744 2790 815 2856 ἀλλ’
838 2791 901 2856 οὐκ
924 2790 956 2869 ἐξ
980 2794 1083 2857 ἄλλον

75 2902 125 2977 εἰς
148 2901 251 2964 άίἰον
273 2898 328 2964 καί
351 2907 397 2985 τῷ
421 2900 502 2963 εἰόει
526 2896 739 2984 διαφέροντα,
758 2896 828 2962 ἀλλ’
847 2897 883 2963 ἐκ
901 2906 961 2962 τοῦ
981 2898 1083 2963 αὐτοῦ

76 3009 125 3083 εἰς
148 3008 207 3072 τὸν
231 3007 334 3071 αὐτὸν
357 3004 410 3070 ίπί
428 3007 468 3070 τά
486 3005 609 3088 πλάγιοι
625 3004 646 3088 ἡ
665 3008 794 3088 κίνησις
813 3008 948 3088 γίνεται.
977 3006 1083 3082 άλλως

74 3137 110 3178 τε
131 3115 159 3179 εἰ
178 3113 233 3177 κοιί
252 3112 284 3191 ἐξ
304 3111 481 3197 ἀλλοτρίου
501 3113 548 3188 εἰς
567 3109 745 3196 ἀλλότριον
761 3113 924 3194 μεταβολὴ
944 3113 1082 3195 γίνοιτο,

74 3223 177 3285 πάλιν
204 3218 280 3306 περὶ
307 3218 452 3302 ἐκείνου,
480 3214 512 3295 ἐξ
541 3212 582 3282 οὗ
605 3219 667 3299 τὴν
688 3218 873 3300 μεταβολὴν
896 3216 1083 3301 ἐποιήσατο,
1097 3243 1123 3285 ω

76 3327 94 3393 ὁ
124 3326 223 3404 αὐτὸς
252 3329 341 3391 ἔσται
369 3327 481 3408 λόγος·
517 3322 538 3407 ἢ
566 3325 629 3408 γάρ
653 3324 712 3388 τὸν
735 3324 873 3408 άπειρον
895 3326 1019 3410 χρόνον
1040 3320 1083 3407 ἦν

75 3432 113 3497 ἐν
141 3432 230 3520 αὐτῷ
257 3431 277 3515 ἢ
303 3430 335 3509 ἐξ
361 3433 464 3497 άίἰου
487 3432 576 3516 παρὰ
599 3430 705 3514 φύσιν
727 3427 782 3494 καί
805 3429 908 3494 αὐτοῦ
933 3430 979 3506 εἰς
1002 3428 1083 3495 ἐκεί-

75 3563 138 3604 νον
165 3537 300 3622 μετέστη
329 3536 383 3602 κοιί
411 3545 510 3602 τοῦτο
534 3534 582 3601 ἐπ’
606 3536 744 3617 άπειρον
766 3537 802 3618 ἢ,
825 3537 855 3600 εἰ
878 3544 981 3600 ταῦτα
1003 3534 1082 3601 άόύ-

74 3669 172 3728 νοιτοι,
205 3644 329 3727 ἀνάγκη
362 3644 494 3719 πάντως
524 3644 564 3707 τά
598 3640 634 3706 ἐν
665 3648 712 3727 τςό
744 3643 832 3726 παρά
864 3643 971 3725 φύσιν
1002 3644 1084 3708 όντοι

146 3878 169 3924 ό,
190 3856 299 3939 κουφίίν
315 3870 349 3924 Μ
419 3877 461 3928 21.
475 3876 516 3928 22.
537 3871 603 3930 fort.
624 3869 776 3944 ἀίἰοτοίου
797 3870 839 3935 εἰς
858 3865 1011 3937 {mim
