2394 4208
616 226 638 251 ,,

80 517 157 591 ιινι]
348 518 396 572 m:
416 516 677 572 ΑΕΤιιιιΝιΤιινιι
694 515 816 573 mm
1024 517 1091 583 563

81 681 233 764 ὀρεκτόν,
265 685 324 765 μιά
350 682 370 765 η
399 677 507 767 ὄρεξις
533 678 653 758 τάξεως
681 674 766 745 οάσα
793 677 914 768 ὄρεξις·
955 682 984 745 ελ
1013 679 1042 745 δ’
1068 682 1089 766 ἡ

80 785 187 872 ὄρεξις
209 792 278 872 μία,
301 787 356 853 καὶ
378 788 399 872 ἡ
420 788 580 871 βούλησις
602 783 709 874 ὄρεξις
732 781 816 852 οὖσα
838 796 899 851 τοῦ
921 789 1090 872 βονλητοῦ

79 898 139 978 μία
162 894 336 979 δήπουθέν
360 894 461 977 ἐστιν,
484 894 506 977 ἥ
528 915 563 958 τε
586 890 637 957 ἀεὶ
659 893 723 978 πρὸ
747 896 870 980 χρόνον
889 892 1091 978 τεταγμένον

79 1010 224 1065 ποιοῦσα
246 999 300 1065 καὶ
319 1001 340 1085 ἡ
359 1001 546 1086 συνέχουσα
568 1007 723 1064 τοιοῦτον
741 998 782 1063 δν
800 999 848 1076 εἰς
865 1000 926 1064 τὸν
944 998 995 1064 ἀεὶ
1013 1002 1089 1086 χρό-

79 1127 157 1171 νον·
193 1117 270 1192 μιᾶς
293 1104 330 1172 δὲ
354 1108 457 1191 οῦσης
479 1108 606 1172 ἀτοιτον
627 1109 755 1189 μᾶλλον
778 1103 807 1169 δ’
831 1103 1008 1193 ἀδῦλνατον
1025 1123 1142 1169 rmum

78 1218 223 1298 μερίζειν
245 1212 300 1279 καί
323 1215 361 1279 τὸ
384 1211 446 1298 μὲν
469 1214 570 1297 αὐτῆς
592 1213 726 1278 διδόναι
748 1219 795 1299 τῷ
817 1217 888 1299 θεῷ
911 1212 967 1279 καὶ
989 1223 1087 1280 τοῦτο
1116 1242 1129 1281 ο

80 1322 116 1384 τὸ
141 1320 364 1407 ἀτελέστερον,
387 1322 425 1385 τὸ
449 1316 486 1384 δὲ
503 1321 547 1405 μὴ
567 1321 700 1385 διδόναι
718 1317 773 1384 καί
792 1327 891 1384 τοῦτο
910 1320 948 1384 τὸ
966 1324 1089 1386 τελειό-

79 1447 190 1511 τερον·
213 1431 372 1512 ιιροσηκει
395 1428 458 1511 γὰρ
482 1434 529 1515 τῷ
552 1432 623 1514 θεῷ
645 1427 683 1491 τὸ
706 1428 912 1510 τελειότερον
933 1435 994 1491 τοῦ
1017 1427 1088 1492 ἀτε-

80 1533 237 1618 λεστίρου
259 1537 372 1618 μεῖζον
395 1533 466 1598 όν.”
756 1515 759 1521 ’

238 1730 413 1814 Κεφάλαια
432 1738 490 1813 τῆς
512 1729 639 1805 λύσεως
662 1736 721 1792 τοῦ
745 1724 796 1801 ις’
815 1728 927 1811 λόγου.
1101 1755 1128 1794 ιο

145 1851 186 1917 α’.
212 1851 282 1918 Ὅτι
310 1853 351 1919 οά
378 1851 501 1918 ταύτόν
528 1851 597 1918 έστι
624 1853 661 1916 τὸ
690 1849 741 1916 ἀεὶ
763 1852 951 1934 βούλεσθαί
973 1874 1004 1915 τι
1027 1853 1087 1917 τὸν

78 1961 162 2024 θεὸν
189 1959 243 2025 καὶ
271 1961 308 2024 τὸ
338 1958 388 2024 ἀεὶ
416 1954 502 2024 εἶναι
531 1957 638 2024 έκεῖνο
667 1958 770 2023 αὐτὸν
792 1959 985 2040 βούλεσθαι.
1031 1957 1086 2024 καί

79 2067 143 2149 ὅτι,
171 2064 233 2130 κάν
261 2063 311 2130 ἀεὶ
338 2067 499 2148 βούληται
528 2064 545 2129 ὁ
575 2065 655 2140 θεὸς
681 2061 863 2147 τάγένητον
885 2063 926 2129 όν
947 2061 1086 2130 καὶτοῦ

77 2175 174 2248 όντος
197 2170 251 2236 καὶ
274 2180 334 2236 τοῦ
358 2169 491 2254 ἀγαθοῦ
513 2168 670 2255 μετέχειν,
698 2167 769 2234 ἀλλ’
793 2164 856 2234 οὖν
879 2169 941 2255 οὐχ
964 2170 1085 2254 ὁμοίως

76 2280 204 2342 ἀιιαντα
232 2274 302 2343 ἀλλ’
333 2277 378 2354 ὡς
404 2276 546 2342 ἕκαστον
571 2274 721 2359 πέφυκεν
748 2275 804 2341 καὶ
826 2285 887 2340 τοῦ
910 2279 1007 2354 ὄντος
1029 2277 1085 2343 καὶ
1099 2305 1125 2346 ιι

77 2394 137 2449 τοῦ
162 2384 294 2467 ἀγαθοῦ
316 2382 472 2468 μετέχειν.

142 2489 186 2574 β’.
211 2488 280 2554 Ὅτι
309 2487 416 2554 ἑνιαία
443 2488 498 2554 καὶ
526 2491 667 2576 ἀχρονος
694 2487 750 2553 καὶ
778 2487 952 2576 ἀμέριστος
978 2489 999 2573 ἡ
1022 2500 1084 2556 τοῦ

76 2604 159 2661 θεοῦ
191 2598 350 2680 βούλησις
379 2598 488 2683 ὥσπερ
518 2595 573 2661 καὶ
599 2596 620 2680 ἡ
649 2606 771 2679 γνῶσις
798 2593 853 2660 καί
882 2596 903 2680 ἡ
930 2597 1084 2682 ιτρόνοια,

74 2703 138 2767 κάν
165 2706 205 2768 τά
233 2704 391 2788 γινόμενά
417 2726 453 2768 τε
480 2701 536 2768 καὶ
564 2703 792 2786 γινωσκόμενα
818 2699 874 2766 καί
901 2711 959 2786 της
987 2707 1084 2780 θείας

74 2813 234 2894 προνοίας
266 2810 477 2875 ἀπολαύοντα
507 2807 769 2893 ττεττληθυσμένα
798 2831 833 2873 τε
862 2806 918 2873 καὶ
946 2811 1083 2895 μεριστὰ
1097 2837 1123 2878 ιο

75 2923 124 2999 είη
149 2914 204 2980 καὶ
226 2912 305 2980 ποτὲ
327 2912 389 3000 μὲν
412 2917 493 2981 ὄντα
515 2911 594 2981 τοτὲ
617 2911 654 2979 δὲ
676 2916 720 2999 μὴ
745 2915 833 2979 ὄντα.

141 3020 186 3105 γ’.
211 3019 281 3086 Ὅτι
304 3024 344 3086 τά
367 3020 511 3107 ἀλλαχοῦ
535 3025 642 3098 καλῶς
665 3021 755 3108 αὐτῷ
778 3019 1080 3106 τεθεολογημέναό

75 3132 228 3213 Πρόκλος
254 3127 330 3213 περὶ
357 3139 415 3211 τῆς
438 3128 581 3216 ἀμεροῦς
602 3137 663 3193 τοῦ
685 3134 770 3193 θεοῦ
794 3129 947 3211 γνώσεώς
968 3151 1004 3193 τε
1026 3127 1081 3194 καὶ

75 3239 294 3320 δημιουργίας
324 3235 380 3300 διά
409 3246 477 3300 τῶν
507 3233 654 3300 ἐνταῦθα
682 3235 765 3320 ιτρὸς
794 3236 867 3319 ἔριν
898 3232 1081 3320 εἰρημένων

73 3341 246 3429 ἀνῄρηκεν.
1093 3367 1120 3409 ιτ

140 3451 160 3513 δ
166 3448 182 3513 ‘.
207 3447 288 3532 Ὅτι,
310 3447 373 3513 κάν
396 3447 433 3513 ἐν
450 3446 612 3515 ὑποθέσει
631 3449 829 3533 συγχωρήσῃ
847 3470 898 3524 τις
915 3457 983 3512 τῶν
1000 3451 1079 3531 βον-

144 3683 167 3730 4.
188 3692 339 3745 σννεχονσα
341 3675 487 3746 [verm
543 3680 583 3728 12.
602 3670 881 3813 αότδχχαντοδίθ)1
922 3680 963 3729 13,
977 3696 992 3729 τ
995 3673 1077 3746 ’-ἀγε

73 3767 157 3816 νητον
141 3747 284 3817 νΜ]τὸ
308 3679 510 3827 αγενητονΜ)
618 3764 650 3799 ον
713 3746 804 3818 ]0m.
824 3746 868 3800 M·
900 3745 989 3801 sed
967 3764 1078 3818 mgnum

72 3824 250 3886 θειιριοα
215 3816 407 3886 καιροείθοιιι
431 3819 474 3871 οεό
565 3823 649 3872 17.α
630 3823 729 3890 αμεριη
713 3817 807 3890 [στοςλ
827 3815 874 3869 Ὠ)
967 3823 1017 3867 κθ.
1040 3818 1097 3865 καθ

69 3909 139 3957 γινα
101 3887 261 3955 ιαοιινασόμε
278 3886 395 3942 οιιι.Μ1)
487 3894 530 3945 21.
552 3888 800 3964 μενθὶηδεθθ

902 3971 964 4026 ’ὅθ’
