<?xml version="1.0" encoding="UTF-8"?>
<!DOCTYPE html PUBLIC "-//W3C//DTD XHTML 1.0 Transitional//EN"
    "http://www.w3.org/TR/xhtml1/DTD/xhtml1-transitional.dtd">
<html xmlns="http://www.w3.org/1999/xhtml" xml:lang="en" lang="en">
 <head>
  <title>
</title>
<meta http-equiv="Content-Type" content="text/html;charset=utf-8" />
  <meta name='ocr-system' content='tesseract 3.04.00' />
  <meta name='ocr-capabilities' content='ocr_page ocr_carea ocr_par ocr_line ocrx_word'/>
</head>
<body>
  <div class='ocr_page' id='page_1' title='image "./ioannesphilopon00philgoog_0224.png"; bbox 0 0 2394 4208; ppageno 0'>
   <div class='ocr_carea' id='block_1_1' title="bbox 34 33 872 339">
    <p class='ocr_par' dir='ltr' id='par_1_1' title="bbox 34 33 872 339">
     <span class='ocr_line' id='line_1_1' title="bbox 34 33 872 339; baseline -0.016 0"><span class='ocrx_word' id='word_1_1' title='bbox 34 33 872 339; x_wconf 48' lang='grc' dir='ltr'><em>-·.ἶ</em></span> 
     </span>
    </p>
   </div>
   <div class='ocr_carea' id='block_1_2' title="bbox 74 531 1089 605">
    <p class='ocr_par' dir='ltr' id='par_1_2' title="bbox 74 531 1089 605">
     <span class='ocr_line' id='line_1_2' title="bbox 74 531 1089 605; baseline 0.013 -19"><span class='ocrx_word' id='word_1_2' title='bbox 74 531 120 587; x_wconf 81' lang='lat' dir='ltr'><em>vl</em></span> <span class='ocrx_word' id='word_1_3' title='bbox 134 533 180 605; x_wconf 74' lang='grc' dir='ltr'><em>τι]</em></span> <span class='ocrx_word' id='word_1_4' title='bbox 348 533 396 588; x_wconf 73' lang='lat' dir='ltr'><em>DE</em></span> <span class='ocrx_word' id='word_1_5' title='bbox 414 533 672 590; x_wconf 72' lang='lat' dir='ltr'><strong>AETERNITATE</strong></span> <span class='ocrx_word' id='word_1_6' title='bbox 691 534 812 590; x_wconf 79' lang='lat' dir='ltr'><strong>MVNDI</strong></span> <span class='ocrx_word' id='word_1_7' title='bbox 1023 534 1089 600; x_wconf 82' lang='lat'><em>209</em></span> 
     </span>
    </p>
   </div>
   <div class='ocr_carea' id='block_1_3' title="bbox 60 693 1144 3223">
    <p class='ocr_par' dir='ltr' id='par_1_3' title="bbox 60 693 1144 3223">
     <span class='ocr_line' id='line_1_3' title="bbox 71 693 1089 783; baseline 0 -23"><span class='ocrx_word' id='word_1_8' title='bbox 71 694 183 780; x_wconf 79' lang='grc' dir='ltr'><strong><em>ἀρχῆς</em></strong></span> <span class='ocrx_word' id='word_1_9' title='bbox 211 693 393 781; x_wconf 78' lang='grc' dir='ltr'><strong><em>ἐστέρηται,</em></strong></span> <span class='ocrx_word' id='word_1_10' title='bbox 422 705 521 762; x_wconf 86' lang='grc' dir='ltr'><em>τοῦτο</em></span> <span class='ocrx_word' id='word_1_11' title='bbox 548 696 603 762; x_wconf 77' lang='grc' dir='ltr'><em>καὶ</em></span> <span class='ocrx_word' id='word_1_12' title='bbox 630 701 812 783; x_wconf 79' lang='grc' dir='ltr'><strong><em>μεταβολῆς</em></strong></span> <span class='ocrx_word' id='word_1_13' title='bbox 842 698 969 781; x_wconf 86' lang='grc' dir='ltr'><em>ἀιιάσης</em></span> <span class='ocrx_word' id='word_1_14' title='bbox 999 695 1089 763; x_wconf 80' lang='grc' dir='ltr'><em>ἐστὶν</em></span> 
     </span>
     <span class='ocr_line' id='line_1_4' title="bbox 73 801 1089 889; baseline 0.001 -23"><span class='ocrx_word' id='word_1_15' title='bbox 73 801 273 889; x_wconf 80' lang='grc' dir='ltr'><strong><em>ὑπέρτερον,</em></strong></span> <span class='ocrx_word' id='word_1_16' title='bbox 297 803 342 878; x_wconf 83' lang='grc' dir='ltr'><em>ὡς</em></span> <span class='ocrx_word' id='word_1_17' title='bbox 365 801 485 886; x_wconf 86' lang='grc' dir='ltr'><em>ἀρτίως</em></span> <span class='ocrx_word' id='word_1_18' title='bbox 508 801 685 887; x_wconf 78' lang='grc' dir='ltr'><em>ἐδείξαμεν.</em></span> <span class='ocrx_word' id='word_1_19' title='bbox 722 807 850 870; x_wconf 85' lang='grc' dir='ltr'><em>τούτων</em></span> <span class='ocrx_word' id='word_1_20' title='bbox 873 804 979 881; x_wconf 76' lang='grc' dir='ltr'><em>οὕτως</em></span> <span class='ocrx_word' id='word_1_21' title='bbox 998 802 1089 888; x_wconf 78' lang='grc' dir='ltr'><em>ἐχόν-</em></span> 
     </span>
     <span class='ocr_line' id='line_1_5' title="bbox 74 907 1090 996; baseline 0.002 -24"><span class='ocrx_word' id='word_1_22' title='bbox 74 932 156 991; x_wconf 85' lang='grc' dir='ltr'><em>των,</em></span> <span class='ocrx_word' id='word_1_23' title='bbox 181 909 269 973; x_wconf 80' lang='grc' dir='ltr'><em>εἰτὸ</em></span> <span class='ocrx_word' id='word_1_24' title='bbox 294 907 344 973; x_wconf 79' lang='grc' dir='ltr'><em>ἀεὶ</em></span> <span class='ocrx_word' id='word_1_25' title='bbox 368 908 409 973; x_wconf 81' lang='grc' dir='ltr'><em>ὃν</em></span> <span class='ocrx_word' id='word_1_26' title='bbox 431 907 564 993; x_wconf 76' lang='grc' dir='ltr'><em>γένεσιν</em></span> <span class='ocrx_word' id='word_1_27' title='bbox 585 911 629 994; x_wconf 82' lang='grc' dir='ltr'><em>μη</em></span> <span class='ocrx_word' id='word_1_28' title='bbox 654 913 742 996; x_wconf 84' lang='grc' dir='ltr'><em>ἔχειν</em></span> <span class='ocrx_word' id='word_1_29' title='bbox 769 911 877 994; x_wconf 80' lang='grc' dir='ltr'><em>λέγων</em></span> <span class='ocrx_word' id='word_1_30' title='bbox 904 910 921 976; x_wconf 86' lang='grc' dir='ltr'>ὁ</span> <span class='ocrx_word' id='word_1_31' title='bbox 947 910 1090 974; x_wconf 88' lang='grc' dir='ltr'><em>Πλάτων</em></span> 
     </span>
     <span class='ocr_line' id='line_1_6' title="bbox 77 1013 1088 1097; baseline 0.002 -18"><span class='ocrx_word' id='word_1_32' title='bbox 77 1016 137 1079; x_wconf 76' lang='grc' dir='ltr'><em>διὰ</em></span> <span class='ocrx_word' id='word_1_33' title='bbox 164 1023 224 1079; x_wconf 86' lang='grc' dir='ltr'><em>τοῦ</em></span> <span class='ocrx_word' id='word_1_34' title='bbox 252 1016 313 1097; x_wconf 80' lang='grc' dir='ltr'><em>την</em></span> <span class='ocrx_word' id='word_1_35' title='bbox 340 1013 473 1097; x_wconf 79' lang='grc' dir='ltr'><em>γένεσιν</em></span> <span class='ocrx_word' id='word_1_36' title='bbox 496 1014 627 1081; x_wconf 75' lang='grc' dir='ltr'><em>ἀνελεῖν</em></span> <span class='ocrx_word' id='word_1_37' title='bbox 648 1027 758 1081; x_wconf 83' lang='grc' dir='ltr'><em>πᾶσαν</em></span> <span class='ocrx_word' id='word_1_38' title='bbox 781 1016 961 1081; x_wconf 87' lang='grc' dir='ltr'><em>ἀλλοίωσιν</em></span> <span class='ocrx_word' id='word_1_39' title='bbox 985 1016 1088 1081; x_wconf 88' lang='grc' dir='ltr'><em>αὐτοῦ</em></span> 
     </span>
     <span class='ocr_line' id='line_1_7' title="bbox 76 1119 1130 1207; baseline 0.004 -23"><span class='ocrx_word' id='word_1_40' title='bbox 76 1119 137 1185; x_wconf 80' lang='grc' dir='ltr'><em>καὶ</em></span> <span class='ocrx_word' id='word_1_41' title='bbox 164 1123 350 1204; x_wconf 82' lang='grc' dir='ltr'><em>μεταβολην</em></span> <span class='ocrx_word' id='word_1_42' title='bbox 377 1120 510 1186; x_wconf 76' lang='grc' dir='ltr'><em>ἀνελεῖν</em></span> <span class='ocrx_word' id='word_1_43' title='bbox 536 1124 707 1204; x_wconf 79' lang='grc' dir='ltr'><em>βούλεται,</em></span> <span class='ocrx_word' id='word_1_44' title='bbox 736 1122 902 1207; x_wconf 74' lang='grc' dir='ltr'><em>ἐνδέχεται</em></span> <span class='ocrx_word' id='word_1_45' title='bbox 931 1122 1022 1187; x_wconf 79' lang='grc' dir='ltr'><em>δέτι</em></span> <span class='ocrx_word' id='word_1_46' title='bbox 1044 1124 1088 1206; x_wconf 79' lang='grc' dir='ltr'><em>μη</em></span> <span class='ocrx_word' id='word_1_47' title='bbox 1117 1148 1130 1188; x_wconf 80' lang='grc' dir='ltr'><em>ε</em></span> 
     </span>
     <span class='ocr_line' id='line_1_8' title="bbox 78 1224 1088 1316; baseline 0.003 -23"><span class='ocrx_word' id='word_1_48' title='bbox 78 1231 168 1312; x_wconf 76' lang='grc' dir='ltr'><em>ἔχειν</em></span> <span class='ocrx_word' id='word_1_49' title='bbox 194 1224 257 1312; x_wconf 70' lang='grc' dir='ltr'><em>μὲν</em></span> <span class='ocrx_word' id='word_1_50' title='bbox 283 1227 320 1292; x_wconf 81' lang='grc' dir='ltr'><em>ἐν</em></span> <span class='ocrx_word' id='word_1_51' title='bbox 348 1236 394 1316; x_wconf 75' lang='grc' dir='ltr'><em>τῷ</em></span> <span class='ocrx_word' id='word_1_52' title='bbox 418 1232 595 1312; x_wconf 80' lang='grc' dir='ltr'><em>γίγνεσθαι</em></span> <span class='ocrx_word' id='word_1_53' title='bbox 619 1230 656 1293; x_wconf 90' lang='grc' dir='ltr'><em>τὸ</em></span> <span class='ocrx_word' id='word_1_54' title='bbox 680 1225 765 1294; x_wconf 82' lang='grc' dir='ltr'><em>εἶναι</em></span> <span class='ocrx_word' id='word_1_55' title='bbox 788 1227 871 1313; x_wconf 72' lang='grc' dir='ltr'><em>μηδὲ</em></span> <span class='ocrx_word' id='word_1_56' title='bbox 895 1227 932 1294; x_wconf 86' lang='grc' dir='ltr'><em>έν</em></span> <span class='ocrx_word' id='word_1_57' title='bbox 956 1240 1088 1314; x_wconf 81' lang='grc' dir='ltr'><em>συνεχεῖ</em></span> 
     </span>
     <span class='ocr_line' id='line_1_9' title="bbox 76 1329 1087 1420; baseline 0.003 -22"><span class='ocrx_word' id='word_1_58' title='bbox 76 1333 256 1399; x_wconf 75' lang='grc' dir='ltr'><em>ἀλλοιώσει</em></span> <span class='ocrx_word' id='word_1_59' title='bbox 288 1329 389 1417; x_wconf 84' lang='grc' dir='ltr'><em>εἶναι,</em></span> <span class='ocrx_word' id='word_1_60' title='bbox 422 1333 527 1419; x_wconf 78' lang='grc' dir='ltr'><em>ἀρχὴν</em></span> <span class='ocrx_word' id='word_1_61' title='bbox 558 1335 671 1419; x_wconf 88' lang='grc' dir='ltr'><em>μέντοι</em></span> <span class='ocrx_word' id='word_1_62' title='bbox 701 1344 761 1400; x_wconf 88' lang='grc' dir='ltr'><em>τοῦ</em></span> <span class='ocrx_word' id='word_1_63' title='bbox 794 1332 879 1401; x_wconf 81' lang='grc' dir='ltr'><em>εἶναι</em></span> <span class='ocrx_word' id='word_1_64' title='bbox 911 1338 999 1420; x_wconf 80' lang='grc' dir='ltr'><em>ἔχειν</em></span> <span class='ocrx_word' id='word_1_65' title='bbox 1031 1334 1087 1401; x_wconf 82' lang='grc' dir='ltr'><em>καὶ</em></span> 
     </span>
     <span class='ocr_line' id='line_1_10' title="bbox 76 1437 1086 1526; baseline 0.002 -22"><span class='ocrx_word' id='word_1_66' title='bbox 76 1437 174 1516; x_wconf 85' lang='grc' dir='ltr'><em>τέλος</em></span> <span class='ocrx_word' id='word_1_67' title='bbox 201 1439 255 1505; x_wconf 81' lang='grc' dir='ltr'><em>καὶ</em></span> <span class='ocrx_word' id='word_1_68' title='bbox 282 1442 384 1526; x_wconf 86' lang='grc' dir='ltr'><em>ταύτη</em></span> <span class='ocrx_word' id='word_1_69' title='bbox 412 1443 455 1524; x_wconf 83' lang='grc' dir='ltr'><em>μη</em></span> <span class='ocrx_word' id='word_1_70' title='bbox 484 1437 569 1506; x_wconf 86' lang='grc' dir='ltr'><em>εἶναι</em></span> <span class='ocrx_word' id='word_1_71' title='bbox 599 1440 833 1525; x_wconf 81' lang='grc' dir='ltr'><em>ἀναλλοίωτον,</em></span> <span class='ocrx_word' id='word_1_72' title='bbox 856 1442 892 1506; x_wconf 87' lang='grc' dir='ltr'><em>τὸ</em></span> <span class='ocrx_word' id='word_1_73' title='bbox 917 1438 954 1506; x_wconf 73' lang='grc' dir='ltr'><em>δὲ</em></span> <span class='ocrx_word' id='word_1_74' title='bbox 977 1451 1086 1507; x_wconf 89' lang='grc' dir='ltr'><em>τοιοῦ-</em></span> 
     </span>
     <span class='ocr_line' id='line_1_11' title="bbox 76 1543 1144 1631; baseline 0.002 -21"><span class='ocrx_word' id='word_1_75' title='bbox 76 1570 139 1611; x_wconf 89' lang='grc' dir='ltr'><em>τον</em></span> <span class='ocrx_word' id='word_1_76' title='bbox 162 1557 229 1610; x_wconf 89' lang='grc' dir='ltr'><em>τῶν</em></span> <span class='ocrx_word' id='word_1_77' title='bbox 252 1544 303 1610; x_wconf 79' lang='grc' dir='ltr'><em>ἀεὶ</em></span> <span class='ocrx_word' id='word_1_78' title='bbox 326 1548 434 1611; x_wconf 77' lang='grc' dir='ltr'><em>ὄντων</em></span> <span class='ocrx_word' id='word_1_79' title='bbox 456 1547 518 1611; x_wconf 88' lang='grc' dir='ltr'><em>οὐκ</em></span> <span class='ocrx_word' id='word_1_80' title='bbox 541 1550 632 1612; x_wconf 82' lang='grc' dir='ltr'><em>ἔστιν</em></span> <span class='ocrx_word' id='word_1_81' title='bbox 652 1548 656 1631; x_wconf 82' lang='grc' dir='ltr'>Ι</span> <span class='ocrx_word' id='word_1_82' title='bbox 677 1543 756 1611; x_wconf 69' lang='grc' dir='ltr'><em>οὐδὲ</em></span> <span class='ocrx_word' id='word_1_83' title='bbox 779 1558 846 1611; x_wconf 84' lang='grc' dir='ltr'><em>τῶν</em></span> <span class='ocrx_word' id='word_1_84' title='bbox 869 1545 919 1611; x_wconf 81' lang='grc' dir='ltr'><em>ἀεὶ</em></span> <span class='ocrx_word' id='word_1_85' title='bbox 941 1549 1023 1612; x_wconf 82' lang='grc' dir='ltr'><em>κατὰ</em></span> <span class='ocrx_word' id='word_1_86' title='bbox 1042 1564 1082 1605; x_wconf 77' lang='lat'><em>101.</em></span> <span class='ocrx_word' id='word_1_87' title='bbox 1090 1565 1144 1606; x_wconf 72' lang='grc' dir='ltr'><em>εστ.</em></span> 
     </span>
     <span class='ocr_line' id='line_1_12' title="bbox 81 1651 1130 1739; baseline 0.002 -22"><span class='ocrx_word' id='word_1_88' title='bbox 81 1655 122 1718; x_wconf 86' lang='grc' dir='ltr'><em>τά</em></span> <span class='ocrx_word' id='word_1_89' title='bbox 146 1651 230 1717; x_wconf 84' lang='grc' dir='ltr'><em>αὐτὰ</em></span> <span class='ocrx_word' id='word_1_90' title='bbox 252 1651 306 1718; x_wconf 79' lang='grc' dir='ltr'><em>καὶ</em></span> <span class='ocrx_word' id='word_1_91' title='bbox 331 1653 486 1729; x_wconf 82' lang='grc' dir='ltr'><strong><em>ὡσαύτως</em></strong></span> <span class='ocrx_word' id='word_1_92' title='bbox 510 1652 663 1738; x_wconf 80' lang='grc' dir='ltr'><em>ἐχόντων,</em></span> <span class='ocrx_word' id='word_1_93' title='bbox 688 1652 749 1718; x_wconf 85' lang='grc' dir='ltr'><em>οὐκ</em></span> <span class='ocrx_word' id='word_1_94' title='bbox 773 1655 836 1739; x_wconf 81' lang='grc' dir='ltr'><em>ἀρα</em></span> <span class='ocrx_word' id='word_1_95' title='bbox 854 1654 916 1735; x_wconf 81' lang='grc' dir='ltr'><em>την</em></span> <span class='ocrx_word' id='word_1_96' title='bbox 933 1654 1090 1736; x_wconf 79' lang='grc' dir='ltr'><em>τοιαύτην</em></span> <span class='ocrx_word' id='word_1_97' title='bbox 1104 1680 1130 1720; x_wconf 80' lang='grc' dir='ltr'><em>ιο</em></span> 
     </span>
     <span class='ocr_line' id='line_1_13' title="bbox 60 1754 1091 1845; baseline -0.001 -21"><span class='ocrx_word' id='word_1_98' title='bbox 60 1759 215 1843; x_wconf 76' lang='grc' dir='ltr'><em>,γένεσιν</em></span> <span class='ocrx_word' id='word_1_99' title='bbox 243 1757 342 1844; x_wconf 86' lang='grc' dir='ltr'><em>(λέγω</em></span> <span class='ocrx_word' id='word_1_100' title='bbox 371 1760 412 1842; x_wconf 76' lang='grc' dir='ltr'><em>δὴ</em></span> <span class='ocrx_word' id='word_1_101' title='bbox 440 1760 476 1823; x_wconf 88' lang='grc' dir='ltr'><em>τὸ</em></span> <span class='ocrx_word' id='word_1_102' title='bbox 506 1759 543 1823; x_wconf 81' lang='grc' dir='ltr'><em>έν</em></span> <span class='ocrx_word' id='word_1_103' title='bbox 570 1767 615 1845; x_wconf 78' lang='grc' dir='ltr'><em>τῷ</em></span> <span class='ocrx_word' id='word_1_104' title='bbox 639 1763 794 1842; x_wconf 80' lang='grc' dir='ltr'><em>γίνεσθαι</em></span> <span class='ocrx_word' id='word_1_105' title='bbox 819 1760 855 1823; x_wconf 94' lang='grc' dir='ltr'><em>τὸ</em></span> <span class='ocrx_word' id='word_1_106' title='bbox 880 1754 965 1823; x_wconf 81' lang='grc' dir='ltr'><em>εἶναι</em></span> <span class='ocrx_word' id='word_1_107' title='bbox 989 1758 1091 1844; x_wconf 80' lang='grc' dir='ltr'><em>ἔχειν)</em></span> 
     </span>
     <span class='ocr_line' id='line_1_14' title="bbox 79 1859 1091 1949; baseline 0 -19"><span class='ocrx_word' id='word_1_108' title='bbox 79 1877 149 1930; x_wconf 88' lang='grc' dir='ltr'><em>τῶν</em></span> <span class='ocrx_word' id='word_1_109' title='bbox 178 1863 228 1929; x_wconf 80' lang='grc' dir='ltr'><em>ἀεὶ</em></span> <span class='ocrx_word' id='word_1_110' title='bbox 256 1867 364 1929; x_wconf 82' lang='grc' dir='ltr'><em>ὄντων</em></span> <span class='ocrx_word' id='word_1_111' title='bbox 391 1864 410 1930; x_wconf 79' lang='grc' dir='ltr'>ὁ</span> <span class='ocrx_word' id='word_1_112' title='bbox 435 1867 577 1929; x_wconf 87' lang='grc' dir='ltr'><em>Πλάτων</em></span> <span class='ocrx_word' id='word_1_113' title='bbox 604 1863 781 1949; x_wconf 80' lang='grc' dir='ltr'><em>ἀπέφησεν.</em></span> <span class='ocrx_word' id='word_1_114' title='bbox 828 1866 857 1929; x_wconf 83' lang='grc' dir='ltr'><em>εἰ</em></span> <span class='ocrx_word' id='word_1_115' title='bbox 885 1859 948 1929; x_wconf 87' lang='grc' dir='ltr'><em>οὖν</em></span> <span class='ocrx_word' id='word_1_116' title='bbox 975 1865 1012 1928; x_wconf 91' lang='grc' dir='ltr'><em>τὸ</em></span> <span class='ocrx_word' id='word_1_117' title='bbox 1041 1863 1091 1930; x_wconf 82' lang='grc' dir='ltr'><em>ἀεὶ</em></span> 
     </span>
     <span class='ocr_line' id='line_1_15' title="bbox 81 1967 1092 2056; baseline 0 -21"><span class='ocrx_word' id='word_1_118' title='bbox 81 1971 123 2036; x_wconf 82' lang='grc' dir='ltr'><em>ὃν</em></span> <span class='ocrx_word' id='word_1_119' title='bbox 149 1973 194 2056; x_wconf 82' lang='grc' dir='ltr'><em>μὴ</em></span> <span class='ocrx_word' id='word_1_120' title='bbox 224 1974 311 2055; x_wconf 84' lang='grc' dir='ltr'><em>ἔχειν</em></span> <span class='ocrx_word' id='word_1_121' title='bbox 338 1972 471 2055; x_wconf 83' lang='grc' dir='ltr'><em>γένεσιν</em></span> <span class='ocrx_word' id='word_1_122' title='bbox 499 1969 605 2054; x_wconf 84' lang='grc' dir='ltr'><em>λέγων</em></span> <span class='ocrx_word' id='word_1_123' title='bbox 633 1971 651 2036; x_wconf 88' lang='grc' dir='ltr'>ὁ</span> <span class='ocrx_word' id='word_1_124' title='bbox 681 1973 824 2036; x_wconf 89' lang='grc' dir='ltr'><em>Πλάτων</em></span> <span class='ocrx_word' id='word_1_125' title='bbox 857 1967 958 2036; x_wconf 71' lang='grc' dir='ltr'><em>οὐδὲν</em></span> <span class='ocrx_word' id='word_1_126' title='bbox 988 1970 1092 2036; x_wconf 85' lang='grc' dir='ltr'><em>αὐτοῦ</em></span> 
     </span>
     <span class='ocr_line' id='line_1_16' title="bbox 80 2076 1092 2162; baseline 0 -20"><span class='ocrx_word' id='word_1_127' title='bbox 80 2089 149 2143; x_wconf 86' lang='grc' dir='ltr'><em>τῶν</em></span> <span class='ocrx_word' id='word_1_128' title='bbox 173 2079 284 2142; x_wconf 86' lang='grc' dir='ltr'><em>ἀλλων</em></span> <span class='ocrx_word' id='word_1_129' title='bbox 306 2087 363 2162; x_wconf 81' lang='grc' dir='ltr'><em>τῆς</em></span> <span class='ocrx_word' id='word_1_130' title='bbox 386 2077 545 2160; x_wconf 76' lang='grc' dir='ltr'><em>γενέσεως</em></span> <span class='ocrx_word' id='word_1_131' title='bbox 575 2076 827 2161; x_wconf 78' lang='grc' dir='ltr'><em>σημαινομένων</em></span> <span class='ocrx_word' id='word_1_132' title='bbox 854 2077 1000 2160; x_wconf 90' lang='grc' dir='ltr'><em>ἀνεῖλεν,</em></span> <span class='ocrx_word' id='word_1_133' title='bbox 1027 2081 1092 2142; x_wconf 85' lang='grc' dir='ltr'><em>λεί·</em></span> 
     </span>
     <span class='ocr_line' id='line_1_17' title="bbox 82 2182 1133 2269; baseline -0.001 -19"><span class='ocrx_word' id='word_1_134' title='bbox 82 2208 178 2250; x_wconf 83' lang='grc' dir='ltr'><em>πεται</em></span> <span class='ocrx_word' id='word_1_135' title='bbox 210 2186 274 2269; x_wconf 81' lang='grc' dir='ltr'><em>ἀρα</em></span> <span class='ocrx_word' id='word_1_136' title='bbox 305 2185 366 2266; x_wconf 81' lang='grc' dir='ltr'><em>την</em></span> <span class='ocrx_word' id='word_1_137' title='bbox 397 2185 479 2248; x_wconf 85' lang='grc' dir='ltr'><em>κατὰ</em></span> <span class='ocrx_word' id='word_1_138' title='bbox 511 2185 635 2268; x_wconf 81' lang='grc' dir='ltr'><em>χρόνον</em></span> <span class='ocrx_word' id='word_1_139' title='bbox 666 2184 769 2248; x_wconf 85' lang='grc' dir='ltr'><em>αὐτοῦ</em></span> <span class='ocrx_word' id='word_1_140' title='bbox 802 2182 934 2267; x_wconf 76' lang='grc' dir='ltr'><em>γένεσιν</em></span> <span class='ocrx_word' id='word_1_141' title='bbox 964 2183 1092 2268; x_wconf 80' lang='grc' dir='ltr'><em>ἀποφά-</em></span> <span class='ocrx_word' id='word_1_142' title='bbox 1108 2209 1133 2250; x_wconf 80' lang='grc' dir='ltr'><em>ιο</em></span> 
     </span>
     <span class='ocr_line' id='line_1_18' title="bbox 83 2288 1092 2376; baseline -0.003 -19"><span class='ocrx_word' id='word_1_143' title='bbox 83 2309 190 2357; x_wconf 83' lang='grc' dir='ltr'><em>σκειν·</em></span> <span class='ocrx_word' id='word_1_144' title='bbox 214 2290 294 2375; x_wconf 79' lang='grc' dir='ltr'><em>ὅπερ</em></span> <span class='ocrx_word' id='word_1_145' title='bbox 318 2289 422 2367; x_wconf 79' lang='grc' dir='ltr'><em>δεῖξαι</em></span> <span class='ocrx_word' id='word_1_146' title='bbox 445 2290 673 2376; x_wconf 83' lang='grc' dir='ltr'><em>προύθέμεθα.</em></span> <span class='ocrx_word' id='word_1_147' title='bbox 718 2291 775 2355; x_wconf 79' lang='grc' dir='ltr'><em>ἴνα</em></span> <span class='ocrx_word' id='word_1_148' title='bbox 802 2292 865 2375; x_wconf 80' lang='grc' dir='ltr'><em>γὰρ</em></span> <span class='ocrx_word' id='word_1_149' title='bbox 895 2288 932 2354; x_wconf 82' lang='grc' dir='ltr'><em>ἐκ</em></span> <span class='ocrx_word' id='word_1_150' title='bbox 954 2299 1013 2355; x_wconf 90' lang='grc' dir='ltr'><em>τοῦ</em></span> <span class='ocrx_word' id='word_1_151' title='bbox 1037 2313 1092 2354; x_wconf 85' lang='grc' dir='ltr'><em>τιε-</em></span> 
     </span>
     <span class='ocr_line' id='line_1_19' title="bbox 82 2395 1092 2484; baseline -0.002 -21"><span class='ocrx_word' id='word_1_152' title='bbox 82 2402 217 2484; x_wconf 85' lang='grc' dir='ltr'><em>ριόντος</em></span> <span class='ocrx_word' id='word_1_153' title='bbox 235 2406 343 2461; x_wconf 79' lang='grc' dir='ltr'><em>πᾶσαν</em></span> <span class='ocrx_word' id='word_1_154' title='bbox 361 2398 543 2480; x_wconf 79' lang='grc' dir='ltr'><em>μεταβολῆς</em></span> <span class='ocrx_word' id='word_1_155' title='bbox 562 2398 697 2461; x_wconf 81' lang='grc' dir='ltr'><em>ἔννοιαν</em></span> <span class='ocrx_word' id='word_1_156' title='bbox 715 2407 783 2460; x_wconf 88' lang='grc' dir='ltr'><em>τῶν</em></span> <span class='ocrx_word' id='word_1_157' title='bbox 802 2398 947 2460; x_wconf 83' lang='grc' dir='ltr'><em>αἰωνίων</em></span> <span class='ocrx_word' id='word_1_158' title='bbox 963 2395 1092 2479; x_wconf 80' lang='grc' dir='ltr'><em>ἀφέλοι,</em></span> 
     </span>
     <span class='ocr_line' id='line_1_20' title="bbox 84 2500 1093 2590; baseline -0.005 -21"><span class='ocrx_word' id='word_1_159' title='bbox 84 2508 145 2589; x_wconf 82' lang='grc' dir='ltr'><em>την</em></span> <span class='ocrx_word' id='word_1_160' title='bbox 164 2503 324 2590; x_wconf 81' lang='grc' dir='ltr'><em>χρονικην</em></span> <span class='ocrx_word' id='word_1_161' title='bbox 342 2500 447 2586; x_wconf 79' lang='grc' dir='ltr'><em>ἀρχὴν</em></span> <span class='ocrx_word' id='word_1_162' title='bbox 466 2502 576 2567; x_wconf 84' lang='grc' dir='ltr'><em>αὐτῶν</em></span> <span class='ocrx_word' id='word_1_163' title='bbox 594 2500 743 2586; x_wconf 85' lang='grc' dir='ltr'><em>ἀφεῖλεν·</em></span> <span class='ocrx_word' id='word_1_164' title='bbox 763 2501 892 2588; x_wconf 84' lang='grc' dir='ltr'><em>ὁρῶμεν</em></span> <span class='ocrx_word' id='word_1_165' title='bbox 906 2503 969 2586; x_wconf 81' lang='grc' dir='ltr'><em>γὰρ</em></span> <span class='ocrx_word' id='word_1_166' title='bbox 983 2510 1093 2565; x_wconf 82' lang='grc' dir='ltr'><em>πᾶσαν</em></span> 
     </span>
     <span class='ocr_line' id='line_1_21' title="bbox 82 2607 1093 2695; baseline -0.003 -20"><span class='ocrx_word' id='word_1_167' title='bbox 82 2611 272 2695; x_wconf 71' lang='grc' dir='ltr'><em>μεταβολὴν</em></span> <span class='ocrx_word' id='word_1_168' title='bbox 294 2607 348 2672; x_wconf 80' lang='grc' dir='ltr'><em>καὶ</em></span> <span class='ocrx_word' id='word_1_169' title='bbox 372 2608 409 2672; x_wconf 80' lang='grc' dir='ltr'><em>έν</em></span> <span class='ocrx_word' id='word_1_170' title='bbox 433 2610 541 2695; x_wconf 78' lang='grc' dir='ltr'><strong><em>χρόνῳ</em></strong></span> <span class='ocrx_word' id='word_1_171' title='bbox 565 2607 745 2692; x_wconf 80' lang='grc' dir='ltr'><em>γινομένην</em></span> <span class='ocrx_word' id='word_1_172' title='bbox 768 2607 821 2673; x_wconf 84' lang='grc' dir='ltr'><em>καὶ</em></span> <span class='ocrx_word' id='word_1_173' title='bbox 844 2607 907 2672; x_wconf 82' lang='grc' dir='ltr'><em>ἀπό</em></span> <span class='ocrx_word' id='word_1_174' title='bbox 926 2632 1018 2684; x_wconf 85' lang='grc' dir='ltr'><em>τινος</em></span> <span class='ocrx_word' id='word_1_175' title='bbox 1037 2608 1093 2694; x_wconf 87' lang='grc' dir='ltr'><em>ἀρ-</em></span> 
     </span>
     <span class='ocr_line' id='line_1_22' title="bbox 85 2709 1134 2802; baseline -0.002 -20"><span class='ocrx_word' id='word_1_176' title='bbox 85 2715 230 2802; x_wconf 82' lang='grc' dir='ltr'><em>χομένην</em></span> <span class='ocrx_word' id='word_1_177' title='bbox 253 2717 386 2801; x_wconf 85' lang='grc' dir='ltr'><em>χρόνου.</em></span> <span class='ocrx_word' id='word_1_178' title='bbox 432 2716 469 2779; x_wconf 87' lang='grc' dir='ltr'><em>τὸ</em></span> <span class='ocrx_word' id='word_1_179' title='bbox 493 2709 555 2779; x_wconf 86' lang='grc' dir='ltr'><em>οὖν</em></span> <span class='ocrx_word' id='word_1_180' title='bbox 578 2713 638 2791; x_wconf 80' lang='grc' dir='ltr'><em>ἔξω</em></span> <span class='ocrx_word' id='word_1_181' title='bbox 662 2713 703 2778; x_wconf 86' lang='grc' dir='ltr'><em>ὃν</em></span> <span class='ocrx_word' id='word_1_182' title='bbox 724 2714 830 2797; x_wconf 81' lang='grc' dir='ltr'><em>τιάσης</em></span> <span class='ocrx_word' id='word_1_183' title='bbox 853 2725 1008 2799; x_wconf 81' lang='grc' dir='ltr'><em>χρονικης</em></span> <span class='ocrx_word' id='word_1_184' title='bbox 1037 2714 1093 2800; x_wconf 82' lang='grc' dir='ltr'><em>ἀρ·</em></span> <span class='ocrx_word' id='word_1_185' title='bbox 1108 2741 1134 2780; x_wconf 77' lang='grc' dir='ltr'><em>1ο</em></span> 
     </span>
     <span class='ocr_line' id='line_1_23' title="bbox 86 2816 1094 2909; baseline -0.002 -23"><span class='ocrx_word' id='word_1_186' title='bbox 86 2835 144 2909; x_wconf 60' lang='lat' dir='ltr'><em>lsi?</em></span> <span class='ocrx_word' id='word_1_187' title='bbox 166 2821 221 2886; x_wconf 80' lang='grc' dir='ltr'><em>καὶ</em></span> <span class='ocrx_word' id='word_1_188' title='bbox 244 2822 367 2897; x_wconf 77' lang='grc' dir='ltr'><em>παντὸς</em></span> <span class='ocrx_word' id='word_1_189' title='bbox 391 2823 513 2906; x_wconf 85' lang='grc' dir='ltr'><em>χρόνον</em></span> <span class='ocrx_word' id='word_1_190' title='bbox 538 2819 628 2885; x_wconf 80' lang='grc' dir='ltr'><em>ἐστὶν</em></span> <span class='ocrx_word' id='word_1_191' title='bbox 651 2818 726 2903; x_wconf 82' lang='grc' dir='ltr'><em>ἔξω,</em></span> <span class='ocrx_word' id='word_1_192' title='bbox 749 2821 786 2885; x_wconf 86' lang='grc' dir='ltr'><em>τὸ</em></span> <span class='ocrx_word' id='word_1_193' title='bbox 811 2816 848 2884; x_wconf 72' lang='grc' dir='ltr'><em>δὲ</em></span> <span class='ocrx_word' id='word_1_194' title='bbox 871 2819 935 2897; x_wconf 83' lang='grc' dir='ltr'><em>ἔξω</em></span> <span class='ocrx_word' id='word_1_195' title='bbox 955 2819 995 2885; x_wconf 87' lang='grc' dir='ltr'><em>ὃν</em></span> <span class='ocrx_word' id='word_1_196' title='bbox 1012 2843 1094 2885; x_wconf 75' lang='grc' dir='ltr'><em>παν-</em></span> 
     </span>
     <span class='ocr_line' id='line_1_24' title="bbox 84 2925 1093 3013; baseline -0.002 -20"><span class='ocrx_word' id='word_1_197' title='bbox 84 2932 141 3006; x_wconf 83' lang='grc' dir='ltr'><em>τὸς</em></span> <span class='ocrx_word' id='word_1_198' title='bbox 165 2930 289 3013; x_wconf 79' lang='grc' dir='ltr'><em>χρόνου</em></span> <span class='ocrx_word' id='word_1_199' title='bbox 313 2926 367 2991; x_wconf 78' lang='grc' dir='ltr'><em>καὶ</em></span> <span class='ocrx_word' id='word_1_200' title='bbox 391 2929 573 3010; x_wconf 79' lang='grc' dir='ltr'><em>μεταβολῆς</em></span> <span class='ocrx_word' id='word_1_201' title='bbox 595 2927 701 3009; x_wconf 84' lang='grc' dir='ltr'><em>ιιάσης</em></span> <span class='ocrx_word' id='word_1_202' title='bbox 721 2925 901 3012; x_wconf 81' lang='grc' dir='ltr'><em>ἐστέρηται·</em></span> <span class='ocrx_word' id='word_1_203' title='bbox 924 2935 1012 2991; x_wconf 84' lang='grc' dir='ltr'><em>πᾶσα</em></span> <span class='ocrx_word' id='word_1_204' title='bbox 1030 2929 1093 3013; x_wconf 79' lang='grc' dir='ltr'><em>μάρ</em></span> 
     </span>
     <span class='ocr_line' id='line_1_25' title="bbox 85 3026 1094 3120; baseline 0 -22"><span class='ocrx_word' id='word_1_205' title='bbox 85 3035 249 3118; x_wconf 79' lang='grc' dir='ltr'><em>μεταβολὴ</em></span> <span class='ocrx_word' id='word_1_206' title='bbox 279 3032 316 3097; x_wconf 82' lang='grc' dir='ltr'><em>ἐν</em></span> <span class='ocrx_word' id='word_1_207' title='bbox 338 3034 456 3120; x_wconf 77' lang='grc' dir='ltr'><em>χρόνῳ.</em></span> <span class='ocrx_word' id='word_1_208' title='bbox 503 3034 531 3097; x_wconf 80' lang='grc' dir='ltr'><em>εἰ</em></span> <span class='ocrx_word' id='word_1_209' title='bbox 555 3026 676 3097; x_wconf 86' lang='grc' dir='ltr'><em>οὖντὸ</em></span> <span class='ocrx_word' id='word_1_210' title='bbox 701 3031 751 3097; x_wconf 78' lang='grc' dir='ltr'><em>ἀεὶ</em></span> <span class='ocrx_word' id='word_1_211' title='bbox 775 3032 816 3097; x_wconf 81' lang='grc' dir='ltr'><em>ἀν</em></span> <span class='ocrx_word' id='word_1_212' title='bbox 838 3034 959 3115; x_wconf 87' lang='grc' dir='ltr'><em>νοητόν</em></span> <span class='ocrx_word' id='word_1_213' title='bbox 981 3056 1015 3098; x_wconf 89' lang='grc' dir='ltr'><em>τε</em></span> <span class='ocrx_word' id='word_1_214' title='bbox 1038 3032 1094 3098; x_wconf 82' lang='grc' dir='ltr'><em>καὶ</em></span> 
     </span>
     <span class='ocr_line' id='line_1_26' title="bbox 87 3136 1093 3223; baseline -0.001 -17"><span class='ocrx_word' id='word_1_215' title='bbox 87 3143 226 3207; x_wconf 75' lang='grc' dir='ltr'><em>αἰώνιον</em></span> <span class='ocrx_word' id='word_1_216' title='bbox 253 3137 386 3222; x_wconf 76' lang='grc' dir='ltr'><em>γένεσιν</em></span> <span class='ocrx_word' id='word_1_217' title='bbox 413 3140 474 3204; x_wconf 86' lang='grc' dir='ltr'><em>οὐκ</em></span> <span class='ocrx_word' id='word_1_218' title='bbox 502 3142 582 3223; x_wconf 83' lang='grc' dir='ltr'><em>ἔχει,</em></span> <span class='ocrx_word' id='word_1_219' title='bbox 611 3140 647 3204; x_wconf 88' lang='grc' dir='ltr'><em>τὸ</em></span> <span class='ocrx_word' id='word_1_220' title='bbox 673 3136 709 3204; x_wconf 72' lang='grc' dir='ltr'><em>δὲ</em></span> <span class='ocrx_word' id='word_1_221' title='bbox 733 3139 898 3222; x_wconf 82' lang='grc' dir='ltr'><em>αἰσθητὸν</em></span> <span class='ocrx_word' id='word_1_222' title='bbox 919 3137 974 3203; x_wconf 77' lang='grc' dir='ltr'><em>καὶ</em></span> <span class='ocrx_word' id='word_1_223' title='bbox 996 3139 1093 3222; x_wconf 78' lang='grc' dir='ltr'><em>μηδέ-</em></span> 
     </span>
    </p>
   </div>
   <div class='ocr_carea' id='block_1_4' title="bbox 86 3241 1135 3549">
    <p class='ocr_par' dir='ltr' id='par_1_4' title="bbox 86 3241 1135 3549">
     <span class='ocr_line' id='line_1_27' title="bbox 86 3241 1135 3330; baseline -0.002 -17"><span class='ocrx_word' id='word_1_224' title='bbox 86 3270 165 3313; x_wconf 86' lang='grc' dir='ltr'><em>τιοτε</em></span> <span class='ocrx_word' id='word_1_225' title='bbox 194 3245 235 3310; x_wconf 83' lang='grc' dir='ltr'><em>ὃν</em></span> <span class='ocrx_word' id='word_1_226' title='bbox 261 3242 344 3329; x_wconf 72' lang='grc' dir='ltr'><em>μηδὲ</em></span> <span class='ocrx_word' id='word_1_227' title='bbox 376 3246 514 3309; x_wconf 81' lang='grc' dir='ltr'><em>αἰώνιον</em></span> <span class='ocrx_word' id='word_1_228' title='bbox 544 3249 685 3328; x_wconf 79' lang='grc' dir='ltr'><em>γενητόν</em></span> <span class='ocrx_word' id='word_1_229' title='bbox 715 3244 806 3309; x_wconf 81' lang='grc' dir='ltr'><em>ἐστιν</em></span> <span class='ocrx_word' id='word_1_230' title='bbox 836 3242 1027 3330; x_wconf 82' lang='grc' dir='ltr'><em>(ἀντίκειται</em></span> <span class='ocrx_word' id='word_1_231' title='bbox 1057 3241 1135 3311; x_wconf 68' lang='grc' dir='ltr'><em>ὃὲιο</em></span> 
     </span>
     <span class='ocr_line' id='line_1_28' title="bbox 88 3348 1094 3439; baseline -0.004 -21"><span class='ocrx_word' id='word_1_232' title='bbox 88 3364 190 3420; x_wconf 88' lang='grc' dir='ltr'><em>ταῦτα</em></span> <span class='ocrx_word' id='word_1_233' title='bbox 218 3352 386 3436; x_wconf 83' lang='grc' dir='ltr'><em>ἀλλήλοις,</em></span> <span class='ocrx_word' id='word_1_234' title='bbox 414 3359 461 3438; x_wconf 78' lang='grc' dir='ltr'><em>τῷ</em></span> <span class='ocrx_word' id='word_1_235' title='bbox 490 3353 640 3439; x_wconf 78' lang='grc' dir='ltr'><em>αἰσθητῷ</em></span> <span class='ocrx_word' id='word_1_236' title='bbox 663 3352 700 3416; x_wconf 88' lang='grc' dir='ltr'><em>τὸ</em></span> <span class='ocrx_word' id='word_1_237' title='bbox 725 3352 847 3434; x_wconf 90' lang='grc' dir='ltr'><em>νοητὸν</em></span> <span class='ocrx_word' id='word_1_238' title='bbox 870 3348 993 3437; x_wconf 78' lang='grc' dir='ltr'><em>καὶτῷ</em></span> <span class='ocrx_word' id='word_1_239' title='bbox 1017 3351 1094 3415; x_wconf 82' lang='grc' dir='ltr'><em>αλω-</em></span> 
     </span>
     <span class='ocr_line' id='line_1_29' title="bbox 87 3456 1094 3549; baseline -0.004 -23"><span class='ocrx_word' id='word_1_240' title='bbox 87 3466 149 3549; x_wconf 83' lang='grc' dir='ltr'><em>νίφ</em></span> <span class='ocrx_word' id='word_1_241' title='bbox 178 3461 215 3524; x_wconf 92' lang='grc' dir='ltr'><em>τὸ</em></span> <span class='ocrx_word' id='word_1_242' title='bbox 243 3461 286 3542; x_wconf 83' lang='grc' dir='ltr'><em>μη</em></span> <span class='ocrx_word' id='word_1_243' title='bbox 315 3460 453 3524; x_wconf 82' lang='grc' dir='ltr'><em>αἰώνιον</em></span> <span class='ocrx_word' id='word_1_244' title='bbox 479 3456 534 3523; x_wconf 74' lang='grc' dir='ltr'><em>καὶ</em></span> <span class='ocrx_word' id='word_1_245' title='bbox 561 3466 607 3545; x_wconf 77' lang='grc' dir='ltr'><em>τῷ</em></span> <span class='ocrx_word' id='word_1_246' title='bbox 635 3457 685 3523; x_wconf 80' lang='grc' dir='ltr'><em>ἀεὶ</em></span> <span class='ocrx_word' id='word_1_247' title='bbox 713 3460 784 3522; x_wconf 79' lang='grc' dir='ltr'><em>ὄντι</em></span> <span class='ocrx_word' id='word_1_248' title='bbox 808 3457 844 3522; x_wconf 85' lang='grc' dir='ltr'><em>τὸ</em></span> <span class='ocrx_word' id='word_1_249' title='bbox 867 3456 1029 3540; x_wconf 78' lang='grc' dir='ltr'><em>μηδέποτε</em></span> <span class='ocrx_word' id='word_1_250' title='bbox 1053 3457 1094 3522; x_wconf 87' lang='grc' dir='ltr'><em>ὃν</em></span> 
     </span>
    </p>
   </div>
   <div class='ocr_carea' id='block_1_5' title="bbox 90 3683 1106 3842">
    <p class='ocr_par' dir='ltr' id='par_1_5' title="bbox 90 3683 1106 3842">
     <span class='ocr_line' id='line_1_30' title="bbox 161 3683 1095 3758; baseline -0.003 -18"><span class='ocrx_word' id='word_1_251' title='bbox 161 3694 185 3741; x_wconf 82' lang='grc'><em>2.</em></span> <span class='ocrx_word' id='word_1_252' title='bbox 204 3704 269 3756; x_wconf 83' lang='lat' dir='ltr'><strong>pag.</strong></span> <span class='ocrx_word' id='word_1_253' title='bbox 284 3690 344 3753; x_wconf 77' lang='lat'><em>205,</em></span> <span class='ocrx_word' id='word_1_254' title='bbox 360 3692 392 3739; x_wconf 78' lang='lat'><em>25</em></span> <span class='ocrx_word' id='word_1_255' title='bbox 470 3692 493 3741; x_wconf 81' lang='lat'><em>5.</em></span> <span class='ocrx_word' id='word_1_256' title='bbox 514 3687 701 3758; x_wconf 62' lang='lat' dir='ltr'><em>ustoefflol[n]v‚</em></span> <span class='ocrx_word' id='word_1_257' title='bbox 720 3702 754 3739; x_wconf 79' lang='lat' dir='ltr'><em>ex</em></span> <span class='ocrx_word' id='word_1_258' title='bbox 773 3704 805 3752; x_wconf 90' lang='grc' dir='ltr'><em>ει,</em></span> <span class='ocrx_word' id='word_1_259' title='bbox 824 3685 853 3738; x_wconf 88' lang='lat' dir='ltr'><strong>M</strong></span> <span class='ocrx_word' id='word_1_260' title='bbox 934 3684 964 3737; x_wconf 87' lang='lat' dir='ltr'>M</span> <span class='ocrx_word' id='word_1_261' title='bbox 981 3703 1010 3737; x_wconf 92' lang='lat' dir='ltr'><strong>m</strong></span> <span class='ocrx_word' id='word_1_262' title='bbox 1030 3691 1044 3738; x_wconf 92' lang='lat'>1</span> <span class='ocrx_word' id='word_1_263' title='bbox 1064 3683 1095 3738; x_wconf 90' lang='lat' dir='ltr'><em>in</em></span> 
     </span>
     <span class='ocr_line' id='line_1_31' title="bbox 90 3757 1106 3842; baseline -0.002 -31"><span class='ocrx_word' id='word_1_264' title='bbox 90 3776 191 3828; x_wconf 60' lang='lat' dir='ltr'>marg:</span> <span class='ocrx_word' id='word_1_265' title='bbox 220 3759 256 3819; x_wconf 85' lang='grc' dir='ltr'><em>ὡς</em></span> <span class='ocrx_word' id='word_1_266' title='bbox 278 3778 312 3810; x_wconf 90' lang='grc' dir='ltr'><em>τα</em></span> <span class='ocrx_word' id='word_1_267' title='bbox 331 3774 456 3826; x_wconf 81' lang='grc' dir='ltr'><em>σχηματα</em></span> <span class='ocrx_word' id='word_1_268' title='bbox 546 3762 586 3811; x_wconf 85' lang='grc'><em>18.</em></span> <span class='ocrx_word' id='word_1_269' title='bbox 607 3758 746 3842; x_wconf 65' lang='grc' dir='ltr'><em>αηφ]ειλεν</em></span> <span class='ocrx_word' id='word_1_270' title='bbox 765 3757 794 3810; x_wconf 87' lang='lat' dir='ltr'>M</span> <span class='ocrx_word' id='word_1_271' title='bbox 889 3761 999 3810; x_wconf 64' lang='grc'><em>1111,</em></span> <span class='ocrx_word' id='word_1_272' title='bbox 1018 3775 1106 3824; x_wconf 61' lang='lat' dir='ltr'><em>um</em></span> 
     </span>
    </p>
   </div>
   <div class='ocr_carea' id='block_1_6' title="bbox 88 3827 1074 3968">
    <p class='ocr_par' dir='ltr' id='par_1_6' title="bbox 88 3827 1074 3968">
     <span class='ocr_line' id='line_1_32' title="bbox 88 3827 1074 3905; baseline -0.003 -21"><span class='ocrx_word' id='word_1_273' title='bbox 88 3831 277 3900; x_wconf 73' lang='grc' dir='ltr'><em>εῐοε.]ομενην</em></span> <span class='ocrx_word' id='word_1_274' title='bbox 295 3828 325 3880; x_wconf 89' lang='grc' dir='ltr'>Μ</span> <span class='ocrx_word' id='word_1_275' title='bbox 396 3834 434 3882; x_wconf 79' lang='grc'><em>20,</em></span> <span class='ocrx_word' id='word_1_276' title='bbox 456 3835 642 3898; x_wconf 66' lang='lat' dir='ltr'><em>name-21.</em></span> <span class='ocrx_word' id='word_1_277' title='bbox 664 3827 698 3887; x_wconf 88' lang='grc' dir='ltr'><em>ὁν</em></span> <span class='ocrx_word' id='word_1_278' title='bbox 721 3848 754 3887; x_wconf 85' lang='grc'><em>111</em></span> <span class='ocrx_word' id='word_1_279' title='bbox 771 3848 865 3905; x_wconf 68' lang='lat' dir='ltr'><strong>matg.</strong></span> <span class='ocrx_word' id='word_1_280' title='bbox 885 3828 985 3902; x_wconf 63' lang='grc' dir='ltr'><em>ΒορρΧ.</em></span> <span class='ocrx_word' id='word_1_281' title='bbox 1001 3845 1038 3882; x_wconf 73' lang='lat' dir='ltr'>m</span> <span class='ocrx_word' id='word_1_282' title='bbox 1052 3835 1074 3878; x_wconf 60' lang='grc' dir='ltr'>Χ</span> 
     </span>
     <span class='ocr_line' id='line_1_33' title="bbox 154 3899 532 3968; baseline 0.021 -20"><span class='ocrx_word' id='word_1_283' title='bbox 154 3905 194 3949; x_wconf 72' lang='grc'><em>24,</em></span> <span class='ocrx_word' id='word_1_284' title='bbox 214 3900 343 3965; x_wconf 64' lang='grc' dir='ltr'><em>αιλανιον</em></span> <span class='ocrx_word' id='word_1_285' title='bbox 357 3899 481 3968; x_wconf 67' lang='lat' dir='ltr'><em>plevem</em></span> <span class='ocrx_word' id='word_1_286' title='bbox 497 3900 532 3956; x_wconf 86' lang='lat' dir='ltr'><strong><em>M</em></strong></span> 
     </span>
    </p>
   </div>
   <div class='ocr_carea' id='block_1_7' title="bbox 119 3990 984 4052">
    <p class='ocr_par' dir='ltr' id='par_1_7' title="bbox 119 3990 984 4052">
     <span class='ocr_line' id='line_1_34' title="bbox 119 3990 984 4052; baseline 0.051 -26"><span class='ocrx_word' id='word_1_287' title='bbox 119 3990 228 4029; x_wconf 70' lang='lat' dir='ltr'><em>Ioams</em></span> <span class='ocrx_word' id='word_1_288' title='bbox 239 3991 399 4038; x_wconf 76' lang='grc' dir='ltr'><em>Ριιιτοεοιισι</em></span> <span class='ocrx_word' id='word_1_289' title='bbox 413 3999 450 4040; x_wconf 71' lang='grc' dir='ltr'><em>αῖ</em></span> <span class='ocrx_word' id='word_1_290' title='bbox 465 4000 554 4048; x_wconf 63' lang='lat' dir='ltr'><strong>Baba,</strong></span> <span class='ocrx_word' id='word_1_291' title='bbox 941 4002 984 4052; x_wconf 55' lang='grc' dir='ltr'><strong>Ἀ</strong></span> 
     </span>
    </p>
   </div>
   <div class='ocr_carea' id='block_1_8' title="bbox 0 0 1219 4208">
    <p class='ocr_par' dir='ltr' id='par_1_8' title="bbox 0 0 1219 4208">
     <span class='ocr_line' id='line_1_35' title="bbox 0 0 1219 4208; baseline 0 0"><span class='ocrx_word' id='word_1_292' title='bbox 0 0 1219 4208; x_wconf 95' lang='lat' dir='ltr'><em> </em></span> 
     </span>
    </p>
   </div>
  </div>
 </body>
</html>
