2394 4208
30 38 849 325 -

89 547 178 605 vna.
192 549 223 623 ι]
352 548 400 604 nn
418 548 676 604 ιιιιιιιιαιτιτυ
695 550 817 607 mm
1029 550 1094 616 263

88 721 180 795 σῶμα
206 710 227 794 ή
255 710 439 798 ἀμφότερα·
471 713 590 778 ὁποῖον
618 711 647 777 δ’
675 714 717 778 ἀν
744 737 794 790 τις
816 713 991 797 ὑπόθοιτο,
1015 732 1094 797 συγ-

88 822 227 904 χωρήσει
251 816 284 896 έξ
307 818 451 903 ἀνάγκης
473 821 535 903 τήν
557 816 619 904 μὲν
637 819 741 905 ἀρχὴν
758 818 813 885 καὶ
832 822 942 887 αἰτίαν
959 831 1016 905 τῆς
1033 830 1094 886 τοῦ

87 930 243 1009 φθαρτοῦ
273 927 422 1011 σώματος
444 929 604 1010 κινήσεως
627 925 738 991 ἀίδιον
761 923 846 991 εἶναι
869 926 937 993 κατ’
961 927 1093 1012 αὐτούς,

87 1030 167 1096 αύιὸ
197 1027 235 1096 δέ
264 1033 302 1097 τὸ
332 1033 533 1116 κινούμενον
562 1033 703 1116 γενητὸν
732 1028 818 1097 εἶναι
847 1032 902 1099 καὶ
930 1036 1094 1119 φθαρτόν.

87 1136 225 1222 οὐδεμία
253 1139 316 1223 ἀρα
344 1138 484 1222 ἀνάγκη,
512 1140 541 1204 εἰ
568 1138 589 1222 ἡ
616 1136 816 1226 τινὸςξάρχὴ
845 1138 1002 1222 ἀγένητος
1030 1145 1091 1223 εἰη,
1119 1164 1133 1206 σ

88 1242 140 1309 καί
163 1243 244 1309 αύιὸ
270 1239 355 1309 εἶναι
378 1244 547 1328 ἀγένητον.

151 1347 200 1416 θ’.
223 1351 267 1415 Εἰ
286 1349 334 1434 δέ,
352 1351 439 1416 καθὸ
460 1355 610 1429 ζωοποιεῖ
629 1353 668 1415 τὰ
691 1351 824 1434 σώματα
845 1350 865 1434 ἡ
889 1354 993 1436 φυγή,
1011 1354 1094 1417 κατὰ

86 1465 183 1521 τοῦτο
217 1460 377 1541 κινήσεως
406 1456 510 1540 αὐτην
542 1456 646 1542 ἀρχήν
674 1458 764 1542 παρὰ
794 1457 974 1535 Πλάτωνος
1003 1458 1093 1542 λέγε-

87 1568 166 1627 σθαι
199 1565 382 1647 φήσουσιν,
415 1563 499 1629 ὅθεν
530 1562 752 1649 ἀπροαιρέτως
784 1563 873 1650 αὐτῷ
904 1566 1010 1648 μόνον
1045 1572 1092 1652 τῷ

86 1679 238 1755 παρεῖναι
262 1673 435 1748 ζωοποιεῖν
457 1670 494 1734 τὸ
518 1680 611 1753 σῶμα
633 1668 688 1734 καὶ
712 1670 768 1734 διὰ
790 1678 889 1734 τοῦτο
912 1670 985 1734 δεῖν
1006 1666 1091 1736 εἶναι
1106 1697 1132 1736 ιο

86 1776 215 1852 πάντως
242 1776 279 1840 τὸ
308 1775 423 1853 ἀιδίως
449 1775 505 1841 ὑπ’
533 1776 634 1859 αὐτῆς
662 1776 937 1859 ζωοποιούμενον,
959 1787 1092 1860 πρῶτον

86 1877 145 1965 μὲν
169 1880 368 1959 ἐπισκέψεως
391 1881 494 1965 ἀξιον,
518 1886 567 1958 τίς
589 1881 671 1946 ποτέ
692 1881 782 1947 ἐστιν
804 1882 824 1965 ἡ
849 1884 927 1965 ζωή,
944 1881 988 1964 ήν
1006 1878 1090 1969 τοῖς,

86 1990 235 2072 σώμασιν
256 1988 276 2072 ή
300 1990 388 2073 ψυχή
413 1988 576 2073 ἐπιφέρει,
600 1991 710 2052 ἔπειτα
733 1988 780 2071 δέ,
799 1989 828 2053 εί
847 1987 1012 2072 ἐνδέχεται
1036 2005 1074 2045 101.
1083 2007 1144 2047 ινιτ.

85 2095 144 2178 τήν
167 2095 325 2178 τοιαύτην
348 2096 433 2178 ζωήν
456 2091 541 2159 είυαι
565 2093 684 2159 ἀίδιον.
722 2093 847 2177 ἀνάγκη
867 2096 975 2178 δήπου
993 2105 1091 2177 πᾶσα,

85 2201 171 2266 καθὸ
209 2200 360 2287 διαφέρει
392 2203 432 2266 τά
464 2205 568 2280 ζῶντα
599 2202 732 2285 σώματα
763 2211 830 2265 τῶν
862 2201 1092 2287 ἀμοιρούντων
1105 2226 1131 2267 ιι

87 2310 181 2391 ζωής,
217 2316 316 2372 τοῦτο
348 2303 435 2372 εἶναι
467 2308 528 2391 τήν
561 2308 646 2390 ζωήν
677 2308 738 2390 τήν
769 2308 858 2392 παρὰ
890 2318 949 2391 τῆς
984 2318 1092 2393 ψυχῆς

86 2412 328 2499 ἐπιφερομένην
349 2425 420 2491 τοῖς
443 2415 605 2499 σώμασιν·
629 2412 780 2498 διαφέρει
804 2409 841 2478 δὲ
864 2424 931 2478 τῶν
948 2416 992 2498 μή
1012 2416 1090 2494 ζών-

84 2543 150 2586 των
172 2521 213 2584 τά
237 2523 341 2599 ζῶντα
364 2521 497 2604 σώματα
519 2527 566 2607 τῷ
590 2520 816 2585 αἰσθάνεσθαί
840 2543 875 2584 τε
898 2519 952 2585 καὶ
975 2520 1090 2606 τρέφε-

85 2633 164 2692 σθαι
183 2624 238 2691 καὶ
258 2626 418 2704 αὔξεσθαι
437 2626 491 2691 καὶ
510 2636 633 2710 γεννᾶν
652 2626 750 2710 ὅμοια
768 2623 898 2702 ἑαυτοῖς
916 2624 970 2691 καί
988 2647 1090 2712 προσ-

85 2732 129 2798 έτι
161 2731 267 2817 ὀρέξει
298 2756 333 2797 τε
365 2730 420 2797 καὶ
450 2743 489 2818 τῇ
517 2730 592 2797 καθ’
621 2732 727 2817 ὁρμήν
754 2741 811 2815 τῆς
838 2741 945 2816 ψυχῆς
971 2743 1089 2820 τοπικῇ
1103 2760 1129 2798 ιο

85 2843 224 2924 κινήσει·
249 2840 332 2904 ὥστε
355 2849 443 2905 πᾶσα
466 2839 486 2923 ἡ
510 2840 676 2922 σωματική
701 2839 763 2921 ζωή
787 2837 824 2902 ἐν
846 2839 977 2914 τούτοις
999 2861 1090 2926 περι-

84 2949 240 3029 είληπται.
278 2947 407 3010 τούτων
429 2942 466 3010 δὲ
489 2944 627 3011 ἕκαστον
649 2943 669 3026 ή
694 2944 832 3027 δυνάμει
855 2950 1029 3029 θεωρεῖται
1053 2945 1090 3011 ἐν

83 3063 152 3129 τοῖς
180 3055 279 3130 ζῶσιν
306 3053 456 3135 σώμασιν
483 3050 503 3134 ή
532 3051 680 3135 ἐνεργείᾳ
709 3047 861 3135 (δυνάμει
885 3045 922 3114 δέ
945 3060 983 3136 τῇ
1006 3050 1083 3117 καθ’

84 3155 151 3236 ἕξιν
179 3158 358 3245 δηλονότι).
404 3159 454 3223 ὅτι
482 3154 543 3242 μὲν
572 3152 636 3222 οὖν
665 3156 804 3239 οὐδεμία
830 3165 898 3219 τῶν
926 3157 1089 3223 τοιούτων

84 3262 259 3350 ἐνεργειῶν
277 3274 334 3349 τῆς
352 3274 458 3349 ψυχῆς
477 3263 584 3340 ἀίδιός
602 3263 693 3328 ἐστιν
716 3259 806 3347 (οὔτε
830 3264 986 3344 αἴσθησίς
1003 3286 1088 3346 φημι
1102 3290 1128 3330 ιι

83 3371 158 3434 οὔτε
188 3369 208 3453 ἡ
240 3373 321 3435 κατά
350 3374 454 3436 τόπον
480 3373 609 3453 κίνησις
637 3368 698 3433 ούιι
725 3366 860 3450 αὔξησις
887 3365 928 3430 ού
955 3371 1088 3450 μείωσις

83 3473 161 3542 οὐδὲ
190 3477 270 3540 ἀλλο
298 3487 366 3541 τῶν
394 3474 676 3560 ἀπηριθμημένων
698 3472 825 3558 οὐδέν),
853 3470 886 3549 ἐξ
908 3471 1008 3557 αὐτῆς
1030 3484 1088 3558 τῆς

83 3581 254 3668 ε’ναργείας
289 3591 396 3671 μικρῷ
433 3586 583 3668 πρόσθεν
614 3582 695 3666 ἡμῖν
726 3578 968 3645 ἀποδέδεικται·
1004 3579 1087 3646 ὥστε

154 3747 177 3794 1,
194 3745 217 3794 2.
238 3741 438 3812 συγχωρησήηΙι
456 3740 485 3793 Μ
573 3745 597 3792 4.
618 3734 762 3808 φθαρτόν]
782 3737 933 3804 αφδαρτον
952 3736 981 3789 Μ

82 3849 104 3898 9,
123 3847 339 3914 απροαιρεήωίς
355 3846 388 3898 Μ
440 3853 481 3902 11.
497 3829 690 3918 ζωοποίίενον
708 3844 742 3901 Μ
801 3848 847 3900 U.
867 3842 1110 3914 mmmmm

70 3911 105 3961 M
170 3919 211 3965 28.
232 3931 376 3982 ενεργειας
392 3915 427 3971 Μ
501 3919 535 3976 cf.
557 3939 626 3995 pag,
643 3927 711 3994 255,
726 3927 742 3978 b
757 3939 804 3992 sq.
