2394 4208
761 40 832 71 ”¹¹³2

26 39 837 351 -ι

784 170 795 199 G

920 406 924 422 λ

80 562 169 621 τοι.
186 566 214 638 ι]
346 564 395 620 οε
413 562 670 620 κεντούμενοι
688 563 809 619 mm
1020 563 1085 628 259

81 734 180 793 τοῦτο
199 728 310 812 δεήσει
334 729 456 811 λόγων·
480 729 509 793 εί
532 724 570 792 δὲ
594 729 715 805 λκανῶς
736 727 818 811 ἡμῖν
841 725 878 792 έν
899 734 945 813 τῷ
967 729 1085 814 πρώτω

80 833 243 900 δέδεικται
273 836 378 921 λόγῳ,
408 835 452 911 ὡς
482 833 649 899 ἀδύνατον
679 833 791 899 ἀίδιον
821 829 906 898 εἶναι
936 834 997 916 τὴν
1025 841 1086 898 τοῦ

76 942 206 1024 κόσμου
240 937 371 1024 γένεσιν
402 938 527 1027 (ὥσπερ
560 935 624 1006 οὖν
659 939 714 1005 καί
751 940 980 1025 ἐντελέστερον
1017 940 1087 1026 ίδίμ

80 1046 307 1131 δειχθήσεται,
344 1045 479 1111 ἐπειδὰν
515 1048 577 1130 τὴν
613 1046 649 1111 ἑκ
684 1057 800 1111 πασῶν
835 1057 903 1111 τῶν
938 1045 1087 1130 ἀποριῶν

79 1153 217 1237 ὄχλησιν
234 1152 565 1240 ἀποσκευασώμεδα),
584 1154 698 1237 δῆλον,
717 1153 767 1216 ότι
791 1149 870 1217 οὐδὲ
893 1154 954 1236 τὴν
975 1154 1085 1240 κύκλῳ
1112 1176 1126 1218 ε

75 1263 213 1342 κίνησιν
240 1258 352 1325 ἀίδιον
380 1259 544 1344 ἐνδέχεται
573 1256 666 1325 εἶναι.
712 1261 741 1324 εί
769 1254 832 1324 οὖν
858 1260 1001 1343 μηδεμία
1024 1260 1086 1324 σῶ-

72 1388 181 1449 ματος
203 1369 332 1448 κίνησις
355 1364 478 1448 ἀίδιος,
502 1362 582 1430 οὐδὲ
606 1377 700 1449 σῶμα
722 1369 811 1430 ἔσται
835 1364 950 1441 ἀιδίως
972 1366 1086 1429 κινού-

75 1493 182 1554 μενον
205 1468 284 1536 οὐδὲ
306 1471 326 1555 ἡ
350 1474 438 1557 ψυχὴ
463 1472 575 1536 ἀίδιον
597 1483 683 1537 κινεῖ
702 1482 803 1556 σῶμα.
839 1471 1004 1555 ἐνδέχεται
1023 1473 1086 1557 ἄρα

74 1579 140 1662 τὴν
167 1575 229 1660 μὲν
255 1579 367 1662 ψυχὴν
394 1586 454 1642 τοῦ
482 1579 609 1662 κόσμου
639 1573 723 1642 εἶναι
752 1576 863 1642 ἀίδιον
890 1577 972 1640 κατὰ
996 1577 1085 1641 Πλοί-

70 1706 178 1766 τωνα,
200 1684 260 1748 τὸν
283 1679 320 1747 δὲ
343 1685 470 1767 κόσμον
492 1685 536 1767 μὴ
561 1679 646 1748 εἶναι
670 1682 789 1747 ἀίδιον.
1099 1709 1125 1748 ιο

146 1788 183 1869 ζ’.
217 1786 305 1855 Οὐδὲ
336 1790 424 1854 πάνυ
458 1786 495 1854 δὲ
527 1798 592 1854 νῦν
623 1789 707 1873 ἡμᾶς
740 1788 757 1853 ὁ
789 1787 864 1875 περὶ
891 1798 949 1871 τῆς
975 1789 1085 1876 κύκλῳ

72 1899 239 1980 κινήσεως
267 1899 451 1978 κατεπείγει
481 1898 593 1979 λόγος·
625 1894 700 1980 περὶ
732 1896 795 1980 γὰρ
827 1904 894 1958 τῶν
920 1893 1087 1979 ἡμετέρων

74 2013 197 2086 ψυχῶν
225 2001 261 2066 ἐν
290 2003 427 2089 Φαίδρῳ
455 2002 516 2066 τὸν
542 2003 646 2084 λόγον
674 2001 691 2066 ὁ
716 2002 859 2066 Πλολτων
886 2001 1085 2084 ποιούμενος

74 2106 133 2173 καὶ
156 2109 284 2173 τούτων
306 2111 368 2192 τὴν
388 2107 579 2172 ἀθανασίαν
598 2106 767 2184 ἀποδεῖξαι
785 2109 991 2191 βουλόμενος
1009 2107 1085 2192 ὡρί·

77 2233 159 2280 σατο
183 2225 291 2298 ψυχῆς
314 2215 434 2279 οὐσίαν
457 2210 543 2279 εἶναι
566 2215 603 2278 τὸ
629 2214 857 2297 αὐτοκίνητον,
876 2213 912 2276 τὸ
933 2209 969 2276 δέ
989 2211 1084 2276 αύτο-
1099 2237 1124 2278 ιο

75 2325 216 2404 κίνητον
251 2319 356 2405 ἀρχὴν
397 2316 482 2385 εἶναι
518 2331 576 2404 τῆς
611 2332 679 2384 τῶν
720 2321 880 2403 σωμάτων
917 2322 1085 2403 κινήσεως.

78 2427 183 2511 δῆλον
216 2425 256 2491 δέ
284 2449 350 2491 που
382 2431 496 2511 παντί,
528 2427 573 2504 ὡς
605 2423 707 2491 οὐδὲν
738 2431 892 2510 φαίνεται
925 2436 1018 2509 σῶμα
1049 2424 1086 2489 ἐν

79 2533 159 2618 ἡμῖν
181 2534 341 2616 κυκλικὴν
363 2534 565 2616 κινούμενον
587 2537 732 2616 κίνησιν·
755 2542 822 2596 πᾶν
839 2528 901 2616 μὲν
919 2534 981 2616 γὰρ
1001 2534 1086 2619 ζῷον

78 2640 160 2706 ὅλον
190 2638 222 2716 ἐξ
253 2640 334 2704 ὅλου
365 2640 424 2703 τὸν
452 2641 557 2704 τόπον
585 2638 787 2724 μετέρχεται,
822 2634 924 2703 οὐδὲν
952 2634 989 2702 δὲ
1018 2648 1086 2701 τῶν

77 2745 403 2831 κυκλοφορουμένων
426 2747 586 2831 σωμάτων
609 2745 690 2809 ὅλον
713 2743 745 2822 έξ
769 2745 850 2810 ὅλου
873 2746 978 2809 τόπον
995 2742 1085 2828 ἀμεί·
1099 2768 1125 2808 ιο

76 2855 145 2936 βει,
172 2854 281 2917 πάντα
308 2848 344 2917 δὲ
371 2850 446 2936 περὶ
474 2853 513 2915 τὰ
542 2852 611 2915 ίδια
638 2849 758 2936 κέντρα
784 2850 922 2933 ἀκίνητα
943 2849 1086 2933 μένοντα

77 2963 263 3044 περιπολεῖ·
295 2954 396 3022 οὐδέν
422 2958 426 3041 1
457 2958 520 3042 ἄρα
550 2962 634 3044 ζςόον
664 2960 729 3041 ἔχει
758 2980 790 3021 τι
819 2966 912 3040 σῶμα
938 2957 999 3039 τὴν
1021 2971 1133 3012 fol-lou·

78 3068 188 3154 κύκλῳ
216 3067 417 3148 κινούμενον
439 3068 580 3147 κίνησιν.
627 3063 688 3128 ούκ
711 3065 775 3147 ἄρα
796 3066 956 3146 κινήσεως
978 3061 1083 3147 ἀρχὴν

80 3169 163 3238 εἶναι
200 3172 306 3255 λέγων
343 3170 360 3235 ὁ
398 3172 542 3234 Πλάτων
577 3172 615 3236 τὸ
652 3169 871 3253 αὐτοκίνητον
906 3178 964 3252 τῆς
1003 3168 1085 3232 κατὰ

79 3280 204 3342 κύκλον
225 3282 385 3362 κινήσεως
408 3276 512 3361 ἀρχὴν
535 3277 615 3341 αὐτὸ
640 3272 728 3342 είναί
749 3293 866 3359 φησιν·
892 3275 997 3357 πάσης
1019 3270 1081 3358 μὲν
1094 3299 1119 3341 τι

79 3386 141 3469 γὰρ
178 3394 285 3469 ψυχῆς
321 3384 402 3469 ὅρον
438 3379 527 3448 εἷναί
560 3402 665 3468 φησιν
699 3383 737 3447 τὸ
775 3382 1005 3464 αὐτοκίνητον·
1042 3380 1084 3446 οὐ

78 3500 165 3556 πᾶσα
194 3487 230 3554 δὲ
258 3491 347 3574 ψυχὴ
375 3491 694 3575 κυκλοφορούμενον
724 3499 811 3554 κινεῖ
842 3499 935 3572 σῶμα
967 3482 1083 3573 (οὐδὲν

148 3760 172 3807 5.
194 3753 329 3825 [όἹχλησιν
347 3753 376 3806 Μ
431 3759 471 3806 16.
491 3751 562 3807 ΡΙολ.
578 3750 835 3819 Ρῶοοδε.2λδῦερ.
891 3756 931 3804 19.
951 3769 1001 3804 τον
1019 3753 1082 3822 τολν

80 3861 218 3927 ετοε,)πον
232 3859 270 3910 M·
347 3864 388 3912 22.
409 3878 434 3913 τι
453 3862 617 3931 suspectum
708 3865 754 3918 λλ.
773 3835 864 3934 λλεύων
884 3837 964 3916 εἶναι
975 3857 1016 3912 Ἃ

69 3933 107 3977 26.
123 3928 241 3995 [φησιν]
254 3927 290 3978 Μ

908 4024 967 4083 ss*
