<?xml version="1.0" encoding="UTF-8"?>
<!DOCTYPE html PUBLIC "-//W3C//DTD XHTML 1.0 Transitional//EN"
    "http://www.w3.org/TR/xhtml1/DTD/xhtml1-transitional.dtd">
<html xmlns="http://www.w3.org/1999/xhtml" xml:lang="en" lang="en">
 <head>
  <title>
</title>
<meta http-equiv="Content-Type" content="text/html;charset=utf-8" />
  <meta name='ocr-system' content='tesseract 3.04.00' />
  <meta name='ocr-capabilities' content='ocr_page ocr_carea ocr_par ocr_line ocrx_word'/>
</head>
<body>
  <div class='ocr_page' id='page_1' title='image "./ioannesphilopon00philgoog_0624.png"; bbox 0 0 2394 4208; ppageno 0'>
   <div class='ocr_carea' id='block_1_1' title="bbox 61 547 1076 622">
    <p class='ocr_par' dir='ltr' id='par_1_1' title="bbox 61 547 1076 622">
     <span class='ocr_line' id='line_1_1' title="bbox 61 547 1076 622; baseline 0.008 -18"><span class='ocrx_word' id='word_1_1' title='bbox 61 551 154 605; x_wconf 83' lang='lat' dir='ltr'><strong><em>xvm</em></strong></span> <span class='ocrx_word' id='word_1_2' title='bbox 169 551 196 622; x_wconf 77' lang='grc' dir='ltr'><strong><em>ι]</em></strong></span> <span class='ocrx_word' id='word_1_3' title='bbox 331 550 381 605; x_wconf 75' lang='grc' dir='ltr'><strong><em>οε</em></strong></span> <span class='ocrx_word' id='word_1_4' title='bbox 400 549 656 605; x_wconf 67' lang='lat' dir='ltr'><strong><em>mmmm</em></strong></span> <span class='ocrx_word' id='word_1_5' title='bbox 674 549 797 606; x_wconf 78' lang='grc' dir='ltr'><strong><em>υταοι</em></strong></span> <span class='ocrx_word' id='word_1_6' title='bbox 1010 547 1076 613; x_wconf 82' lang='lat'><strong><em>615</em></strong></span> 
     </span>
    </p>
   </div>
   <div class='ocr_carea' id='block_1_2' title="bbox 59 710 1128 3564">
    <p class='ocr_par' dir='ltr' id='par_1_2' title="bbox 59 710 1128 3564">
     <span class='ocr_line' id='line_1_2' title="bbox 62 710 1076 800; baseline 0 -23"><span class='ocrx_word' id='word_1_7' title='bbox 62 723 166 778; x_wconf 90' lang='grc' dir='ltr'><strong><em>ταῦτα</em></strong></span> <span class='ocrx_word' id='word_1_8' title='bbox 190 720 333 800; x_wconf 77' lang='grc' dir='ltr'><strong><em>εἴρηκεν·</em></strong></span> <span class='ocrx_word' id='word_1_9' title='bbox 370 716 550 799; x_wconf 79' lang='grc' dir='ltr'><em>προσήκειν</em></span> <span class='ocrx_word' id='word_1_10' title='bbox 573 713 635 799; x_wconf 78' lang='grc' dir='ltr'><strong><em>γάρ</em></strong></span> <span class='ocrx_word' id='word_1_11' title='bbox 660 730 765 796; x_wconf 84' lang='grc' dir='ltr'><strong><em>φησιν</em></strong></span> <span class='ocrx_word' id='word_1_12' title='bbox 787 719 833 799; x_wconf 74' lang='grc' dir='ltr'><strong><em>τῷ</em></strong></span> <span class='ocrx_word' id='word_1_13' title='bbox 857 710 907 777; x_wconf 79' lang='grc' dir='ltr'><strong><em>ἀεὶ</em></strong></span> <span class='ocrx_word' id='word_1_14' title='bbox 931 713 1076 778; x_wconf 73' lang='grc' dir='ltr'><strong><em>κατὰτὰ</em></strong></span> 
     </span>
     <span class='ocr_line' id='line_1_3' title="bbox 64 817 1075 905; baseline -0.001 -20"><span class='ocrx_word' id='word_1_15' title='bbox 64 821 148 885; x_wconf 83' lang='grc' dir='ltr'><strong><em>αὐτὰ</em></strong></span> <span class='ocrx_word' id='word_1_16' title='bbox 175 819 229 884; x_wconf 80' lang='grc' dir='ltr'><strong><em>καὶ</em></strong></span> <span class='ocrx_word' id='word_1_17' title='bbox 260 821 415 897; x_wconf 80' lang='grc' dir='ltr'><em>ὡσαύτως</em></span> <span class='ocrx_word' id='word_1_18' title='bbox 445 823 553 905; x_wconf 75' lang='grc' dir='ltr'><strong><em>ἔχοντι</em></strong></span> <span class='ocrx_word' id='word_1_19' title='bbox 581 818 601 902; x_wconf 76' lang='grc' dir='ltr'><em>ἢ</em></span> <span class='ocrx_word' id='word_1_20' title='bbox 629 817 792 902; x_wconf 77' lang='grc' dir='ltr'><strong><em>μηδέποτε</em></strong></span> <span class='ocrx_word' id='word_1_21' title='bbox 821 829 932 884; x_wconf 97' lang='grc' dir='ltr'><strong><em>ποιεῖν</em></strong></span> <span class='ocrx_word' id='word_1_22' title='bbox 961 818 981 903; x_wconf 75' lang='grc' dir='ltr'><em>ἢ</em></span> <span class='ocrx_word' id='word_1_23' title='bbox 1013 818 1075 903; x_wconf 80' lang='grc' dir='ltr'><strong><em>ἀεί,</em></strong></span> 
     </span>
     <span class='ocr_line' id='line_1_4' title="bbox 63 924 1075 1011; baseline 0 -20"><span class='ocrx_word' id='word_1_24' title='bbox 63 928 110 1003; x_wconf 82' lang='grc' dir='ltr'><strong><em>ὡς</em></strong></span> <span class='ocrx_word' id='word_1_25' title='bbox 131 936 192 991; x_wconf 91' lang='grc' dir='ltr'><strong><em>τοῦ</em></strong></span> <span class='ocrx_word' id='word_1_26' title='bbox 215 928 258 1011; x_wconf 85' lang='grc' dir='ltr'><strong><em>μὴ</em></strong></span> <span class='ocrx_word' id='word_1_27' title='bbox 282 937 392 992; x_wconf 81' lang='grc' dir='ltr'><em>ποιεῖν</em></span> <span class='ocrx_word' id='word_1_28' title='bbox 415 928 571 1010; x_wconf 82' lang='grc' dir='ltr'><strong><em>δηλονότι</em></strong></span> <span class='ocrx_word' id='word_1_29' title='bbox 594 925 738 1002; x_wconf 79' lang='grc' dir='ltr'><strong><em>στάσεως</em></strong></span> <span class='ocrx_word' id='word_1_30' title='bbox 763 927 860 1002; x_wconf 83' lang='grc' dir='ltr'><strong><em>ὄντος</em></strong></span> <span class='ocrx_word' id='word_1_31' title='bbox 882 924 937 990; x_wconf 83' lang='grc' dir='ltr'><strong><em>καὶ</em></strong></span> <span class='ocrx_word' id='word_1_32' title='bbox 960 926 1003 991; x_wconf 86' lang='grc' dir='ltr'><strong><em>οὐ</em></strong></span> <span class='ocrx_word' id='word_1_33' title='bbox 1025 949 1075 991; x_wconf 92' lang='grc' dir='ltr'><strong><em>κι-</em></strong></span> 
     </span>
     <span class='ocr_line' id='line_1_5' title="bbox 63 1030 1073 1117; baseline -0.001 -20"><span class='ocrx_word' id='word_1_34' title='bbox 63 1036 197 1117; x_wconf 86' lang='grc' dir='ltr'><strong><em>νήσεως.</em></strong></span> <span class='ocrx_word' id='word_1_35' title='bbox 242 1035 325 1098; x_wconf 82' lang='grc' dir='ltr'><strong><em>ὥστε</em></strong></span> <span class='ocrx_word' id='word_1_36' title='bbox 348 1033 385 1097; x_wconf 90' lang='grc' dir='ltr'><strong><em>τὸ</em></strong></span> <span class='ocrx_word' id='word_1_37' title='bbox 409 1035 470 1116; x_wconf 82' lang='grc' dir='ltr'><strong><em>τὴν</em></strong></span> <span class='ocrx_word' id='word_1_38' title='bbox 492 1030 562 1110; x_wconf 74' lang='grc' dir='ltr'><strong><em>ἕξιν</em></strong></span> <span class='ocrx_word' id='word_1_39' title='bbox 585 1035 662 1116; x_wconf 80' lang='grc' dir='ltr'><strong><em>ἔχον</em></strong></span> <span class='ocrx_word' id='word_1_40' title='bbox 684 1034 792 1115; x_wconf 88' lang='grc' dir='ltr'><strong><em>μόνην</em></strong></span> <span class='ocrx_word' id='word_1_41' title='bbox 814 1040 874 1096; x_wconf 89' lang='grc' dir='ltr'><strong><em>τοῦ</em></strong></span> <span class='ocrx_word' id='word_1_42' title='bbox 897 1042 1007 1097; x_wconf 81' lang='grc' dir='ltr'><strong><em>ποιεῖν</em></strong></span> <span class='ocrx_word' id='word_1_43' title='bbox 1029 1034 1073 1116; x_wconf 83' lang='grc' dir='ltr'><strong><em>μὴ</em></strong></span> 
     </span>
     <span class='ocr_line' id='line_1_6' title="bbox 63 1136 1115 1223; baseline 0.002 -20"><span class='ocrx_word' id='word_1_44' title='bbox 63 1149 187 1204; x_wconf 84' lang='grc' dir='ltr'><strong><em>ποιοῦν</em></strong></span> <span class='ocrx_word' id='word_1_45' title='bbox 211 1137 247 1205; x_wconf 76' lang='grc' dir='ltr'><strong><em>δέ</em></strong></span> <span class='ocrx_word' id='word_1_46' title='bbox 271 1140 333 1204; x_wconf 88' lang='grc' dir='ltr'><strong><em>οὐκ</em></strong></span> <span class='ocrx_word' id='word_1_47' title='bbox 357 1139 558 1205; x_wconf 81' lang='grc' dir='ltr'><strong><em>ἀλλοιοῦται.</em></strong></span> <span class='ocrx_word' id='word_1_48' title='bbox 602 1136 657 1202; x_wconf 79' lang='grc' dir='ltr'><strong><em>καί</em></strong></span> <span class='ocrx_word' id='word_1_49' title='bbox 681 1140 788 1214; x_wconf 78' lang='grc' dir='ltr'><strong><em>ἄλλως</em></strong></span> <span class='ocrx_word' id='word_1_50' title='bbox 811 1138 861 1203; x_wconf 89' lang='grc' dir='ltr'><strong><em>δέ·</em></strong></span> <span class='ocrx_word' id='word_1_51' title='bbox 898 1144 927 1203; x_wconf 88' lang='grc' dir='ltr'><strong><em>εῖ</em></strong></span> <span class='ocrx_word' id='word_1_52' title='bbox 950 1139 990 1203; x_wconf 82' lang='grc' dir='ltr'><strong><em>τὰ</em></strong></span> <span class='ocrx_word' id='word_1_53' title='bbox 1012 1140 1074 1223; x_wconf 83' lang='grc' dir='ltr'><strong><em>τὴν</em></strong></span> <span class='ocrx_word' id='word_1_54' title='bbox 1101 1164 1115 1205; x_wconf 82' lang='grc' dir='ltr'><strong><em>ε</em></strong></span> 
     </span>
     <span class='ocr_line' id='line_1_7' title="bbox 62 1242 1073 1333; baseline -0.001 -23"><span class='ocrx_word' id='word_1_55' title='bbox 62 1245 134 1322; x_wconf 75' lang='grc' dir='ltr'><strong><em>ἐξιν</em></strong></span> <span class='ocrx_word' id='word_1_56' title='bbox 161 1249 279 1330; x_wconf 86' lang='grc' dir='ltr'><strong><em>ἐχοντα</em></strong></span> <span class='ocrx_word' id='word_1_57' title='bbox 307 1244 362 1310; x_wconf 80' lang='grc' dir='ltr'><strong><em>καὶ</em></strong></span> <span class='ocrx_word' id='word_1_58' title='bbox 391 1245 427 1310; x_wconf 93' lang='grc' dir='ltr'><strong><em>ἐν</em></strong></span> <span class='ocrx_word' id='word_1_59' title='bbox 455 1245 545 1333; x_wconf 76' lang='grc' dir='ltr'><strong><em>αὐτῷ</em></strong></span> <span class='ocrx_word' id='word_1_60' title='bbox 573 1252 619 1331; x_wconf 77' lang='grc' dir='ltr'><strong><em>τῷ</em></strong></span> <span class='ocrx_word' id='word_1_61' title='bbox 647 1243 795 1331; x_wconf 76' lang='grc' dir='ltr'><strong><em>ἐνεργεῖν</em></strong></span> <span class='ocrx_word' id='word_1_62' title='bbox 818 1242 880 1309; x_wconf 74' lang='grc' dir='ltr'><strong><em>οὐκ</em></strong></span> <span class='ocrx_word' id='word_1_63' title='bbox 903 1243 1073 1309; x_wconf 79' lang='grc' dir='ltr'><strong><em>ἀπολείπει</em></strong></span> 
     </span>
     <span class='ocr_line' id='line_1_8' title="bbox 63 1348 1074 1437; baseline -0.003 -20"><span class='ocrx_word' id='word_1_64' title='bbox 63 1353 84 1435; x_wconf 78' lang='grc' dir='ltr'><em>ἡ</em></span> <span class='ocrx_word' id='word_1_65' title='bbox 114 1351 195 1437; x_wconf 80' lang='grc' dir='ltr'><strong><em>ἕξις,</em></strong></span> <span class='ocrx_word' id='word_1_66' title='bbox 223 1353 243 1437; x_wconf 71' lang='grc' dir='ltr'><em>ἡ</em></span> <span class='ocrx_word' id='word_1_67' title='bbox 272 1349 309 1418; x_wconf 84' lang='grc' dir='ltr'><strong><em>δέ</em></strong></span> <span class='ocrx_word' id='word_1_68' title='bbox 335 1351 401 1430; x_wconf 76' lang='grc' dir='ltr'><strong><em>ἕξις</em></strong></span> <span class='ocrx_word' id='word_1_69' title='bbox 429 1355 574 1435; x_wconf 83' lang='grc' dir='ltr'><strong><em>κίνησις,</em></strong></span> <span class='ocrx_word' id='word_1_70' title='bbox 603 1348 654 1414; x_wconf 79' lang='grc' dir='ltr'><strong><em>ἀεὶ</em></strong></span> <span class='ocrx_word' id='word_1_71' title='bbox 677 1351 740 1435; x_wconf 78' lang='grc' dir='ltr'><strong><em>ἄρα</em></strong></span> <span class='ocrx_word' id='word_1_72' title='bbox 763 1349 800 1414; x_wconf 94' lang='grc' dir='ltr'><strong><em>ἐν</em></strong></span> <span class='ocrx_word' id='word_1_73' title='bbox 822 1353 951 1434; x_wconf 76' lang='grc' dir='ltr'><strong><em>κινήσει</em></strong></span> <span class='ocrx_word' id='word_1_74' title='bbox 975 1349 993 1414; x_wconf 87' lang='grc' dir='ltr'><strong><em>ό</em></strong></span> <span class='ocrx_word' id='word_1_75' title='bbox 1017 1351 1074 1433; x_wconf 84' lang='grc' dir='ltr'><strong><em>δη-</em></strong></span> 
     </span>
     <span class='ocr_line' id='line_1_9' title="bbox 62 1453 1074 1543; baseline -0.001 -21"><span class='ocrx_word' id='word_1_76' title='bbox 62 1460 224 1543; x_wconf 88' lang='grc' dir='ltr'><strong><em>μιουργὸς</em></strong></span> <span class='ocrx_word' id='word_1_77' title='bbox 253 1461 344 1524; x_wconf 82' lang='grc' dir='ltr'><strong><em>ἔσται</em></strong></span> <span class='ocrx_word' id='word_1_78' title='bbox 375 1457 426 1523; x_wconf 80' lang='grc' dir='ltr'><strong><em>ἀεὶ</em></strong></span> <span class='ocrx_word' id='word_1_79' title='bbox 455 1460 516 1542; x_wconf 80' lang='grc' dir='ltr'><strong><em>τὴν</em></strong></span> <span class='ocrx_word' id='word_1_80' title='bbox 545 1466 606 1521; x_wconf 87' lang='grc' dir='ltr'><strong><em>τοῦ</em></strong></span> <span class='ocrx_word' id='word_1_81' title='bbox 637 1457 854 1542; x_wconf 80' lang='grc' dir='ltr'><strong><em>δημιουργεῖν</em></strong></span> <span class='ocrx_word' id='word_1_82' title='bbox 882 1453 954 1532; x_wconf 81' lang='grc' dir='ltr'><strong><em>ἕξιν</em></strong></span> <span class='ocrx_word' id='word_1_83' title='bbox 981 1458 1074 1540; x_wconf 77' lang='grc' dir='ltr'><strong><em>ἔχων.</em></strong></span> 
     </span>
     <span class='ocr_line' id='line_1_10' title="bbox 62 1560 1075 1649; baseline -0.004 -19"><span class='ocrx_word' id='word_1_84' title='bbox 62 1567 162 1649; x_wconf 81' lang='grc' dir='ltr'><strong><em>ὥστε,</em></strong></span> <span class='ocrx_word' id='word_1_85' title='bbox 179 1567 221 1629; x_wconf 81' lang='grc' dir='ltr'><strong><em>ἐἰ</em></strong></span> <span class='ocrx_word' id='word_1_86' title='bbox 250 1573 349 1629; x_wconf 90' lang='grc' dir='ltr'><strong><em>τοῦτο</em></strong></span> <span class='ocrx_word' id='word_1_87' title='bbox 380 1565 515 1646; x_wconf 83' lang='grc' dir='ltr'><strong><em>ῖίτοπον,</em></strong></span> <span class='ocrx_word' id='word_1_88' title='bbox 545 1562 684 1645; x_wconf 77' lang='grc' dir='ltr'><strong><em>οὐδεμία</em></strong></span> <span class='ocrx_word' id='word_1_89' title='bbox 711 1563 776 1649; x_wconf 78' lang='grc' dir='ltr'><strong><em>ἄρα</em></strong></span> <span class='ocrx_word' id='word_1_90' title='bbox 802 1560 868 1639; x_wconf 70' lang='grc' dir='ltr'><strong><em>ἕξις</em></strong></span> <span class='ocrx_word' id='word_1_91' title='bbox 898 1560 1075 1638; x_wconf 82' lang='grc' dir='ltr'><strong><em>ἀλλοίωσίς</em></strong></span> 
     </span>
     <span class='ocr_line' id='line_1_11' title="bbox 62 1666 1115 1754; baseline 0 -18"><span class='ocrx_word' id='word_1_92' title='bbox 62 1671 163 1737; x_wconf 90' lang='grc' dir='ltr'><strong><em>ἐστιν.</em></strong></span> <span class='ocrx_word' id='word_1_93' title='bbox 209 1669 278 1736; x_wconf 82' lang='grc' dir='ltr'><strong><em>ἀλλ’</em></strong></span> <span class='ocrx_word' id='word_1_94' title='bbox 310 1667 389 1736; x_wconf 85' lang='grc' dir='ltr'><strong><em>οὐδέ</em></strong></span> <span class='ocrx_word' id='word_1_95' title='bbox 421 1670 502 1754; x_wconf 77' lang='grc' dir='ltr'><strong><em>αὐτὴ</em></strong></span> <span class='ocrx_word' id='word_1_96' title='bbox 533 1669 553 1754; x_wconf 82' lang='grc' dir='ltr'><em>ἡ</em></span> <span class='ocrx_word' id='word_1_97' title='bbox 585 1669 734 1754; x_wconf 82' lang='grc' dir='ltr'><strong><em>ἐνέργεια</em></strong></span> <span class='ocrx_word' id='word_1_98' title='bbox 763 1667 939 1744; x_wconf 74' lang='grc' dir='ltr'><strong><em>ἀλλοίωσις</em></strong></span> <span class='ocrx_word' id='word_1_99' title='bbox 970 1666 1115 1735; x_wconf 83' lang='grc' dir='ltr'><strong><em>ἐστιν·ιο</em></strong></span> 
     </span>
     <span class='ocr_line' id='line_1_12' title="bbox 62 1771 1128 1864; baseline -0.005 -21"><span class='ocrx_word' id='word_1_100' title='bbox 62 1779 150 1843; x_wconf 79' lang='grc' dir='ltr'><strong><em>οὕτω</em></strong></span> <span class='ocrx_word' id='word_1_101' title='bbox 179 1780 241 1864; x_wconf 82' lang='grc' dir='ltr'><strong><em>γὰρ</em></strong></span> <span class='ocrx_word' id='word_1_102' title='bbox 270 1776 312 1842; x_wconf 79' lang='grc' dir='ltr'><strong><em>δν</em></strong></span> <span class='ocrx_word' id='word_1_103' title='bbox 334 1778 435 1842; x_wconf 78' lang='grc' dir='ltr'><strong><em>πάλιν</em></strong></span> <span class='ocrx_word' id='word_1_104' title='bbox 458 1774 509 1841; x_wconf 80' lang='grc' dir='ltr'><strong><em>ἀεὶ</em></strong></span> <span class='ocrx_word' id='word_1_105' title='bbox 532 1777 747 1860; x_wconf 72' lang='grc' dir='ltr'><strong><em>δημιουργῶν</em></strong></span> <span class='ocrx_word' id='word_1_106' title='bbox 769 1771 839 1839; x_wconf 89' lang='grc' dir='ltr'><strong><em>κατ’</em></strong></span> <span class='ocrx_word' id='word_1_107' title='bbox 863 1771 995 1860; x_wconf 81' lang='grc' dir='ltr'><strong><em>αὐΙτοὺς</em></strong></span> <span class='ocrx_word' id='word_1_108' title='bbox 1012 1791 1052 1831; x_wconf 72' lang='lat'><strong><em>101.</em></strong></span> <span class='ocrx_word' id='word_1_109' title='bbox 1060 1792 1128 1834; x_wconf 69' lang='grc' dir='ltr'><strong><em>ινιτ.</em></strong></span> 
     </span>
     <span class='ocr_line' id='line_1_13' title="bbox 62 1879 1074 1968; baseline -0.004 -18"><span class='ocrx_word' id='word_1_110' title='bbox 62 1885 81 1950; x_wconf 89' lang='grc' dir='ltr'>ὁ</span> <span class='ocrx_word' id='word_1_111' title='bbox 105 1886 186 1962; x_wconf 77' lang='grc' dir='ltr'><strong><em>θεὸς</em></strong></span> <span class='ocrx_word' id='word_1_112' title='bbox 208 1886 268 1949; x_wconf 84' lang='grc' dir='ltr'><strong><em>τόν</em></strong></span> <span class='ocrx_word' id='word_1_113' title='bbox 290 1887 416 1968; x_wconf 84' lang='grc' dir='ltr'><strong><em>κόσμον</em></strong></span> <span class='ocrx_word' id='word_1_114' title='bbox 434 1881 484 1948; x_wconf 82' lang='grc' dir='ltr'><strong><em>ἀεὶ</em></strong></span> <span class='ocrx_word' id='word_1_115' title='bbox 504 1882 541 1947; x_wconf 95' lang='grc' dir='ltr'><strong><em>ἐν</em></strong></span> <span class='ocrx_word' id='word_1_116' title='bbox 560 1881 733 1947; x_wconf 74' lang='grc' dir='ltr'><strong><em>ἀλλοιώσει</em></strong></span> <span class='ocrx_word' id='word_1_117' title='bbox 753 1879 808 1946; x_wconf 85' lang='grc' dir='ltr'><strong><em>καλ</em></strong></span> <span class='ocrx_word' id='word_1_118' title='bbox 826 1883 953 1964; x_wconf 81' lang='grc' dir='ltr'><strong><em>κινήσει</em></strong></span> <span class='ocrx_word' id='word_1_119' title='bbox 973 1885 1074 1946; x_wconf 87' lang='grc' dir='ltr'><strong><em>ἐσται.</em></strong></span> 
     </span>
     <span class='ocr_line' id='line_1_14' title="bbox 62 1985 1074 2074; baseline -0.004 -19"><span class='ocrx_word' id='word_1_120' title='bbox 62 1991 104 2055; x_wconf 88' lang='grc' dir='ltr'><strong><em>οὐ</em></strong></span> <span class='ocrx_word' id='word_1_121' title='bbox 127 1992 193 2074; x_wconf 82' lang='grc' dir='ltr'><strong><em>μὴν</em></strong></span> <span class='ocrx_word' id='word_1_122' title='bbox 217 1988 296 2056; x_wconf 74' lang='grc' dir='ltr'><strong><em>οὐδὲ</em></strong></span> <span class='ocrx_word' id='word_1_123' title='bbox 319 1991 472 2066; x_wconf 76' lang='grc' dir='ltr'><strong><em>διάθεσίς</em></strong></span> <span class='ocrx_word' id='word_1_124' title='bbox 495 2013 545 2065; x_wconf 90' lang='grc' dir='ltr'><strong><em>τις</em></strong></span> <span class='ocrx_word' id='word_1_125' title='bbox 568 1990 649 2072; x_wconf 78' lang='grc' dir='ltr'><strong><em>ἄλλη</em></strong></span> <span class='ocrx_word' id='word_1_126' title='bbox 673 1994 849 2073; x_wconf 75' lang='grc' dir='ltr'><strong><em>θεωρεῖται</em></strong></span> <span class='ocrx_word' id='word_1_127' title='bbox 872 1985 993 2070; x_wconf 83' lang='grc' dir='ltr'><strong><em>μεταξὺ</em></strong></span> <span class='ocrx_word' id='word_1_128' title='bbox 1016 1998 1074 2072; x_wconf 79' lang='grc' dir='ltr'><strong><em>τῆς</em></strong></span> 
     </span>
     <span class='ocr_line' id='line_1_15' title="bbox 62 2088 1074 2181; baseline 0 -21"><span class='ocrx_word' id='word_1_129' title='bbox 62 2121 97 2161; x_wconf 89' lang='grc' dir='ltr'><strong><em>τε</em></strong></span> <span class='ocrx_word' id='word_1_130' title='bbox 120 2095 215 2174; x_wconf 74' lang='grc' dir='ltr'><strong><em>ἕξεως</em></strong></span> <span class='ocrx_word' id='word_1_131' title='bbox 237 2096 292 2162; x_wconf 82' lang='grc' dir='ltr'><strong><em>καῖ</em></strong></span> <span class='ocrx_word' id='word_1_132' title='bbox 316 2107 373 2180; x_wconf 81' lang='grc' dir='ltr'><strong><em>τῆς</em></strong></span> <span class='ocrx_word' id='word_1_133' title='bbox 397 2095 563 2180; x_wconf 80' lang='grc' dir='ltr'><strong><em>ἐνεργείας</em></strong></span> <span class='ocrx_word' id='word_1_134' title='bbox 587 2093 680 2181; x_wconf 81' lang='grc' dir='ltr'><strong><em>ἑτέρα</em></strong></span> <span class='ocrx_word' id='word_1_135' title='bbox 702 2117 753 2171; x_wconf 92' lang='grc' dir='ltr'><strong><em>τις</em></strong></span> <span class='ocrx_word' id='word_1_136' title='bbox 776 2088 861 2159; x_wconf 89' lang='grc' dir='ltr'><strong><em>οὖσα</em></strong></span> <span class='ocrx_word' id='word_1_137' title='bbox 884 2095 974 2181; x_wconf 82' lang='grc' dir='ltr'><strong><em>παρὰ</em></strong></span> <span class='ocrx_word' id='word_1_138' title='bbox 995 2096 1074 2160; x_wconf 89' lang='grc' dir='ltr'><strong><em>ταύ-</em></strong></span> 
     </span>
     <span class='ocr_line' id='line_1_16' title="bbox 61 2199 1113 2290; baseline 0.001 -23"><span class='ocrx_word' id='word_1_139' title='bbox 61 2227 134 2285; x_wconf 91' lang='grc' dir='ltr'><strong><em>τας,</em></strong></span> <span class='ocrx_word' id='word_1_140' title='bbox 161 2205 204 2286; x_wconf 78' lang='grc' dir='ltr'><strong><em>ἣν</em></strong></span> <span class='ocrx_word' id='word_1_141' title='bbox 231 2204 273 2267; x_wconf 87' lang='grc' dir='ltr'><strong><em>όίν</em></strong></span> <span class='ocrx_word' id='word_1_142' title='bbox 300 2226 350 2279; x_wconf 89' lang='grc' dir='ltr'><strong><em>τις</em></strong></span> <span class='ocrx_word' id='word_1_143' title='bbox 372 2207 505 2284; x_wconf 83' lang='grc' dir='ltr'><strong><em>κίνησιν</em></strong></span> <span class='ocrx_word' id='word_1_144' title='bbox 527 2199 547 2290; x_wconf 74' lang='grc' dir='ltr'>ἢ</span> <span class='ocrx_word' id='word_1_145' title='bbox 572 2199 751 2266; x_wconf 81' lang='grc' dir='ltr'><strong><em>ἀλλοίωσιν</em></strong></span> <span class='ocrx_word' id='word_1_146' title='bbox 774 2199 979 2285; x_wconf 81' lang='grc' dir='ltr'><strong><em>ὀνομάσειεν,</em></strong></span> <span class='ocrx_word' id='word_1_147' title='bbox 1003 2199 1072 2267; x_wconf 74' lang='grc' dir='ltr'><strong><em>ἐπεὶ</em></strong></span> <span class='ocrx_word' id='word_1_148' title='bbox 1086 2226 1113 2268; x_wconf 80' lang='grc' dir='ltr'><strong><em>ιε</em></strong></span> 
     </span>
     <span class='ocr_line' id='line_1_17' title="bbox 61 2304 1073 2394; baseline 0 -20"><span class='ocrx_word' id='word_1_149' title='bbox 61 2307 144 2394; x_wconf 77' lang='grc' dir='ltr'><strong><em>μηδὲ</em></strong></span> <span class='ocrx_word' id='word_1_150' title='bbox 168 2313 287 2394; x_wconf 87' lang='grc' dir='ltr'><strong><em>χρόνος</em></strong></span> <span class='ocrx_word' id='word_1_151' title='bbox 309 2313 360 2385; x_wconf 91' lang='grc' dir='ltr'><strong><em>τίς</em></strong></span> <span class='ocrx_word' id='word_1_152' title='bbox 383 2307 473 2373; x_wconf 91' lang='grc' dir='ltr'><strong><em>ἐστιν</em></strong></span> <span class='ocrx_word' id='word_1_153' title='bbox 495 2304 616 2392; x_wconf 84' lang='grc' dir='ltr'><strong><em>μεταξὺ</em></strong></span> <span class='ocrx_word' id='word_1_154' title='bbox 639 2315 699 2371; x_wconf 90' lang='grc' dir='ltr'><strong><em>τοῦ</em></strong></span> <span class='ocrx_word' id='word_1_155' title='bbox 720 2329 755 2370; x_wconf 89' lang='grc' dir='ltr'><strong><em>τε</em></strong></span> <span class='ocrx_word' id='word_1_156' title='bbox 777 2307 821 2390; x_wconf 83' lang='grc' dir='ltr'><strong><em>μὴ</em></strong></span> <span class='ocrx_word' id='word_1_157' title='bbox 847 2305 995 2394; x_wconf 81' lang='grc' dir='ltr'><strong><em>ἐνεργεῖν</em></strong></span> <span class='ocrx_word' id='word_1_158' title='bbox 1017 2306 1073 2374; x_wconf 83' lang='grc' dir='ltr'><strong><em>καὶ</em></strong></span> 
     </span>
     <span class='ocr_line' id='line_1_18' title="bbox 61 2411 1073 2501; baseline -0.002 -21"><span class='ocrx_word' id='word_1_159' title='bbox 61 2426 121 2480; x_wconf 88' lang='grc' dir='ltr'><strong><em>τοῦ</em></strong></span> <span class='ocrx_word' id='word_1_160' title='bbox 153 2415 316 2501; x_wconf 85' lang='grc' dir='ltr'><strong><em>ἐνεργεῖν,</em></strong></span> <span class='ocrx_word' id='word_1_161' title='bbox 347 2414 429 2479; x_wconf 79' lang='grc' dir='ltr'><strong><em>ἀλλὰ</em></strong></span> <span class='ocrx_word' id='word_1_162' title='bbox 459 2414 496 2477; x_wconf 89' lang='grc' dir='ltr'><strong><em>τὸ</em></strong></span> <span class='ocrx_word' id='word_1_163' title='bbox 526 2422 587 2478; x_wconf 90' lang='grc' dir='ltr'><strong><em>τοῦ</em></strong></span> <span class='ocrx_word' id='word_1_164' title='bbox 616 2414 660 2497; x_wconf 83' lang='grc' dir='ltr'><strong><em>μὴ</em></strong></span> <span class='ocrx_word' id='word_1_165' title='bbox 689 2411 839 2498; x_wconf 78' lang='grc' dir='ltr'><strong><em>ἐνεργεῖν</em></strong></span> <span class='ocrx_word' id='word_1_166' title='bbox 865 2412 966 2499; x_wconf 80' lang='grc' dir='ltr'><strong><em>πέρας</em></strong></span> <span class='ocrx_word' id='word_1_167' title='bbox 989 2413 1073 2500; x_wconf 73' lang='grc' dir='ltr'><strong><em>ἀρχὴ</em></strong></span> 
     </span>
     <span class='ocr_line' id='line_1_19' title="bbox 61 2515 1074 2608; baseline -0.001 -22"><span class='ocrx_word' id='word_1_168' title='bbox 61 2532 122 2586; x_wconf 90' lang='grc' dir='ltr'><strong><em>τοῦ</em></strong></span> <span class='ocrx_word' id='word_1_169' title='bbox 142 2522 303 2607; x_wconf 77' lang='grc' dir='ltr'><strong><em>ἐνεργεῖν·</em></strong></span> <span class='ocrx_word' id='word_1_170' title='bbox 327 2524 450 2608; x_wconf 87' lang='grc' dir='ltr'><strong><em>χρόνου</em></strong></span> <span class='ocrx_word' id='word_1_171' title='bbox 470 2517 507 2584; x_wconf 77' lang='grc' dir='ltr'><strong><em>δέ</em></strong></span> <span class='ocrx_word' id='word_1_172' title='bbox 525 2521 569 2604; x_wconf 77' lang='grc' dir='ltr'><strong><em>μὴ</em></strong></span> <span class='ocrx_word' id='word_1_173' title='bbox 588 2522 685 2596; x_wconf 87' lang='grc' dir='ltr'><strong><em>ὄντος</em></strong></span> <span class='ocrx_word' id='word_1_174' title='bbox 703 2515 783 2584; x_wconf 70' lang='grc' dir='ltr'><strong><em>οὐδὲ</em></strong></span> <span class='ocrx_word' id='word_1_175' title='bbox 806 2520 960 2596; x_wconf 77' lang='grc' dir='ltr'><strong><em>διάθεσις</em></strong></span> <span class='ocrx_word' id='word_1_176' title='bbox 979 2517 1074 2607; x_wconf 87' lang='grc' dir='ltr'><strong><em>ἐτέρα</em></strong></span> 
     </span>
     <span class='ocr_line' id='line_1_20' title="bbox 60 2623 1072 2714; baseline 0 -22"><span class='ocrx_word' id='word_1_177' title='bbox 60 2627 182 2712; x_wconf 85' lang='grc' dir='ltr'><strong><em>μεταξὺ</em></strong></span> <span class='ocrx_word' id='word_1_178' title='bbox 210 2637 270 2692; x_wconf 89' lang='grc' dir='ltr'><strong><em>τοῦ</em></strong></span> <span class='ocrx_word' id='word_1_179' title='bbox 298 2630 341 2713; x_wconf 80' lang='grc' dir='ltr'><strong><em>μὴ</em></strong></span> <span class='ocrx_word' id='word_1_180' title='bbox 372 2626 521 2714; x_wconf 79' lang='grc' dir='ltr'><strong><em>ἐνεργεῖν</em></strong></span> <span class='ocrx_word' id='word_1_181' title='bbox 543 2625 682 2691; x_wconf 83' lang='grc' dir='ltr'><strong><em>καὶτοῦ</em></strong></span> <span class='ocrx_word' id='word_1_182' title='bbox 706 2625 855 2711; x_wconf 79' lang='grc' dir='ltr'><strong><em>ἐνεργεῖν</em></strong></span> <span class='ocrx_word' id='word_1_183' title='bbox 878 2629 969 2691; x_wconf 83' lang='grc' dir='ltr'><strong><em>ἔσται</em></strong></span> <span class='ocrx_word' id='word_1_184' title='bbox 992 2623 1072 2692; x_wconf 72' lang='grc' dir='ltr'><strong><em>οὐδὲ</em></strong></span> 
     </span>
     <span class='ocr_line' id='line_1_21' title="bbox 60 2731 1113 2819; baseline 0 -21"><span class='ocrx_word' id='word_1_185' title='bbox 60 2739 191 2817; x_wconf 87' lang='grc' dir='ltr'><strong><em>κίνησις</em></strong></span> <span class='ocrx_word' id='word_1_186' title='bbox 223 2734 321 2810; x_wconf 85' lang='grc' dir='ltr'><strong><em>ὅλως·</em></strong></span> <span class='ocrx_word' id='word_1_187' title='bbox 361 2743 450 2799; x_wconf 86' lang='grc' dir='ltr'><strong><em>πᾶσα</em></strong></span> <span class='ocrx_word' id='word_1_188' title='bbox 481 2734 544 2819; x_wconf 86' lang='grc' dir='ltr'><strong><em>γὰρ</em></strong></span> <span class='ocrx_word' id='word_1_189' title='bbox 581 2736 711 2817; x_wconf 84' lang='grc' dir='ltr'><strong><em>κίνησις</em></strong></span> <span class='ocrx_word' id='word_1_190' title='bbox 746 2731 802 2797; x_wconf 83' lang='grc' dir='ltr'><strong><em>καὶ</em></strong></span> <span class='ocrx_word' id='word_1_191' title='bbox 837 2733 1001 2816; x_wconf 76' lang='grc' dir='ltr'><strong><em>μεταβολὴ</em></strong></span> <span class='ocrx_word' id='word_1_192' title='bbox 1034 2731 1113 2798; x_wconf 77' lang='grc' dir='ltr'><strong><em>ἐνιο</em></strong></span> 
     </span>
     <span class='ocr_line' id='line_1_22' title="bbox 61 2838 1072 2927; baseline 0 -23"><span class='ocrx_word' id='word_1_193' title='bbox 61 2843 170 2927; x_wconf 78' lang='grc' dir='ltr'><strong><em>χρόνῳ</em></strong></span> <span class='ocrx_word' id='word_1_194' title='bbox 195 2839 293 2906; x_wconf 90' lang='grc' dir='ltr'><strong><em>ἐστίν.</em></strong></span> <span class='ocrx_word' id='word_1_195' title='bbox 340 2841 368 2904; x_wconf 84' lang='grc' dir='ltr'><strong><em>ελ</em></strong></span> <span class='ocrx_word' id='word_1_196' title='bbox 391 2844 509 2905; x_wconf 88' lang='grc' dir='ltr'><strong><em>τοίνυν</em></strong></span> <span class='ocrx_word' id='word_1_197' title='bbox 531 2842 610 2924; x_wconf 73' lang='grc' dir='ltr'><strong><em>μήτε</em></strong></span> <span class='ocrx_word' id='word_1_198' title='bbox 634 2840 698 2926; x_wconf 89' lang='grc' dir='ltr'><strong><em>πρὸ</em></strong></span> <span class='ocrx_word' id='word_1_199' title='bbox 721 2849 779 2923; x_wconf 81' lang='grc' dir='ltr'><strong><em>τῆς</em></strong></span> <span class='ocrx_word' id='word_1_200' title='bbox 802 2838 969 2924; x_wconf 84' lang='grc' dir='ltr'><strong><em>ε’νεργείας</em></strong></span> <span class='ocrx_word' id='word_1_201' title='bbox 991 2841 1072 2923; x_wconf 79' lang='grc' dir='ltr'><strong><em>μήτε</em></strong></span> 
     </span>
     <span class='ocr_line' id='line_1_23' title="bbox 61 2943 1072 3033; baseline -0.002 -22"><span class='ocrx_word' id='word_1_202' title='bbox 61 2947 99 3011; x_wconf 83' lang='grc' dir='ltr'><strong><em>ἐν</em></strong></span> <span class='ocrx_word' id='word_1_203' title='bbox 126 2957 165 3032; x_wconf 71' lang='grc' dir='ltr'><strong><em>τῇ</em></strong></span> <span class='ocrx_word' id='word_1_204' title='bbox 193 2946 342 3032; x_wconf 80' lang='grc' dir='ltr'><strong><em>ἐνεργείᾳ</em></strong></span> <span class='ocrx_word' id='word_1_205' title='bbox 369 2951 449 3030; x_wconf 76' lang='grc' dir='ltr'><strong><em>μήτε</em></strong></span> <span class='ocrx_word' id='word_1_206' title='bbox 476 2943 596 3030; x_wconf 84' lang='grc' dir='ltr'><strong><em>μεταξὺ</em></strong></span> <span class='ocrx_word' id='word_1_207' title='bbox 624 2955 682 3030; x_wconf 80' lang='grc' dir='ltr'><strong><em>τῆς</em></strong></span> <span class='ocrx_word' id='word_1_208' title='bbox 704 2943 801 3023; x_wconf 74' lang='grc' dir='ltr'><strong><em>ἕξεως</em></strong></span> <span class='ocrx_word' id='word_1_209' title='bbox 822 2944 877 3010; x_wconf 79' lang='grc' dir='ltr'><strong><em>καὶ</em></strong></span> <span class='ocrx_word' id='word_1_210' title='bbox 900 2955 958 3030; x_wconf 82' lang='grc' dir='ltr'><strong><em>τῆς</em></strong></span> <span class='ocrx_word' id='word_1_211' title='bbox 981 2944 1072 3033; x_wconf 91' lang='grc' dir='ltr'><strong><em>ἐνερ-</em></strong></span> 
     </span>
     <span class='ocr_line' id='line_1_24' title="bbox 61 3051 1072 3138; baseline 0 -21"><span class='ocrx_word' id='word_1_212' title='bbox 61 3057 153 3136; x_wconf 88' lang='grc' dir='ltr'><strong><em>γείας</em></strong></span> <span class='ocrx_word' id='word_1_213' title='bbox 180 3052 344 3137; x_wconf 79' lang='grc' dir='ltr'><strong><em>ἐνδέχεται</em></strong></span> <span class='ocrx_word' id='word_1_214' title='bbox 373 3051 553 3117; x_wconf 83' lang='grc' dir='ltr'><strong><em>ἀλλοίωσίν</em></strong></span> <span class='ocrx_word' id='word_1_215' title='bbox 580 3076 656 3116; x_wconf 91' lang='grc' dir='ltr'><strong><em>τινα</em></strong></span> <span class='ocrx_word' id='word_1_216' title='bbox 677 3058 898 3138; x_wconf 75' lang='grc' dir='ltr'><strong><em>θεωρεῖσθαι,</em></strong></span> <span class='ocrx_word' id='word_1_217' title='bbox 921 3052 984 3116; x_wconf 86' lang='grc' dir='ltr'><strong><em>οὐκ</em></strong></span> <span class='ocrx_word' id='word_1_218' title='bbox 1007 3053 1072 3137; x_wconf 85' lang='grc' dir='ltr'><strong><em>ίίρα</em></strong></span> 
     </span>
     <span class='ocr_line' id='line_1_25' title="bbox 59 3156 1072 3244; baseline -0.002 -21"><span class='ocrx_word' id='word_1_219' title='bbox 59 3160 241 3223; x_wconf 74' lang='grc' dir='ltr'><strong><em>ἀλλοίωσιν</em></strong></span> <span class='ocrx_word' id='word_1_220' title='bbox 275 3158 434 3242; x_wconf 78' lang='grc' dir='ltr'><strong><em>ὑπομένει</em></strong></span> <span class='ocrx_word' id='word_1_221' title='bbox 467 3158 484 3224; x_wconf 93' lang='grc' dir='ltr'>ὁ</span> <span class='ocrx_word' id='word_1_222' title='bbox 518 3157 553 3222; x_wconf 91' lang='grc' dir='ltr'><strong><em>ἐκ</em></strong></span> <span class='ocrx_word' id='word_1_223' title='bbox 585 3168 643 3242; x_wconf 85' lang='grc' dir='ltr'><strong><em>τῆς</em></strong></span> <span class='ocrx_word' id='word_1_224' title='bbox 681 3156 777 3235; x_wconf 73' lang='grc' dir='ltr'><strong><em>ἕξεως</em></strong></span> <span class='ocrx_word' id='word_1_225' title='bbox 808 3159 869 3242; x_wconf 77' lang='grc' dir='ltr'><strong><em>τὴν</em></strong></span> <span class='ocrx_word' id='word_1_226' title='bbox 901 3156 1072 3244; x_wconf 80' lang='grc' dir='ltr'><strong><em>ἐνέργειαν</em></strong></span> 
     </span>
     <span class='ocr_line' id='line_1_26' title="bbox 59 3260 1111 3351; baseline 0.001 -22"><span class='ocrx_word' id='word_1_227' title='bbox 59 3267 353 3351; x_wconf 82' lang='grc' dir='ltr'><strong><em>προχειριζόμενος.</em></strong></span> <span class='ocrx_word' id='word_1_228' title='bbox 390 3266 473 3330; x_wconf 82' lang='grc' dir='ltr'><strong><em>ὥστε</em></strong></span> <span class='ocrx_word' id='word_1_229' title='bbox 492 3263 527 3329; x_wconf 85' lang='grc' dir='ltr'><strong><em>ἐκ</em></strong></span> <span class='ocrx_word' id='word_1_230' title='bbox 545 3268 672 3329; x_wconf 88' lang='grc' dir='ltr'><strong><em>πολλοῦ</em></strong></span> <span class='ocrx_word' id='word_1_231' title='bbox 691 3273 751 3328; x_wconf 87' lang='grc' dir='ltr'><strong><em>τοῦ</em></strong></span> <span class='ocrx_word' id='word_1_232' title='bbox 768 3264 975 3351; x_wconf 83' lang='grc' dir='ltr'><strong><em>ὑπάρχοντος</em></strong></span> <span class='ocrx_word' id='word_1_233' title='bbox 989 3260 1069 3328; x_wconf 73' lang='grc' dir='ltr'><strong><em>οὐδὲ</em></strong></span> <span class='ocrx_word' id='word_1_234' title='bbox 1083 3288 1111 3330; x_wconf 79' lang='grc' dir='ltr'><strong><em>ιε</em></strong></span> 
     </span>
     <span class='ocr_line' id='line_1_27' title="bbox 59 3369 1068 3457; baseline -0.001 -21"><span class='ocrx_word' id='word_1_235' title='bbox 59 3371 136 3457; x_wconf 80' lang='grc' dir='ltr'><strong><em>περὶ</em></strong></span> <span class='ocrx_word' id='word_1_236' title='bbox 167 3373 227 3436; x_wconf 86' lang='grc' dir='ltr'><strong><em>τὸν</em></strong></span> <span class='ocrx_word' id='word_1_237' title='bbox 256 3372 341 3436; x_wconf 77' lang='grc' dir='ltr'><strong><em>θεὸν</em></strong></span> <span class='ocrx_word' id='word_1_238' title='bbox 371 3370 510 3454; x_wconf 90' lang='grc' dir='ltr'><strong><em>οὐδεμία</em></strong></span> <span class='ocrx_word' id='word_1_239' title='bbox 537 3369 714 3457; x_wconf 79' lang='grc' dir='ltr'><strong><em>ἀλλοίωσις</em></strong></span> <span class='ocrx_word' id='word_1_240' title='bbox 742 3373 995 3455; x_wconf 74' lang='grc' dir='ltr'><strong><em>θεωρηδήσεται</em></strong></span> <span class='ocrx_word' id='word_1_241' title='bbox 1024 3371 1068 3454; x_wconf 79' lang='grc' dir='ltr'><strong><em>μὴ</em></strong></span> 
     </span>
     <span class='ocr_line' id='line_1_28' title="bbox 59 3470 1068 3564; baseline 0.001 -23"><span class='ocrx_word' id='word_1_242' title='bbox 59 3479 331 3563; x_wconf 87' lang='grc' dir='ltr'><strong><em>δημιουργοῦντα</em></strong></span> <span class='ocrx_word' id='word_1_243' title='bbox 373 3470 456 3563; x_wconf 78' lang='grc' dir='ltr'><strong><em>κᾷτα</em></strong></span> <span class='ocrx_word' id='word_1_244' title='bbox 493 3478 771 3562; x_wconf 82' lang='grc' dir='ltr'><strong><em>δημιουργοῦντα</em></strong></span> <span class='ocrx_word' id='word_1_245' title='bbox 826 3475 994 3564; x_wconf 79' lang='grc' dir='ltr'><strong><em>ἐδείξαμεν</em></strong></span> <span class='ocrx_word' id='word_1_246' title='bbox 1031 3473 1068 3542; x_wconf 79' lang='grc' dir='ltr'><strong><em>δέ</em></strong></span> 
     </span>
    </p>
   </div>
   <div class='ocr_carea' id='block_1_3' title="bbox 56 3703 1100 3991">
    <p class='ocr_par' dir='ltr' id='par_1_3' title="bbox 56 3703 1100 3991">
     <span class='ocr_line' id='line_1_29' title="bbox 133 3703 1068 3775; baseline 0.002 -18"><span class='ocrx_word' id='word_1_247' title='bbox 133 3712 155 3758; x_wconf 94' lang='lat'><strong><em>1.</em></strong></span> <span class='ocrx_word' id='word_1_248' title='bbox 175 3706 405 3775; x_wconf 69' lang='grc' dir='ltr'><strong><em>προσηκει]ν,θκ</em></strong></span> <span class='ocrx_word' id='word_1_249' title='bbox 424 3703 499 3773; x_wconf 85' lang='grc' dir='ltr'><strong><em>η,Μ</em></strong></span> <span class='ocrx_word' id='word_1_250' title='bbox 551 3719 616 3774; x_wconf 72' lang='lat' dir='ltr'>pag.</span> <span class='ocrx_word' id='word_1_251' title='bbox 627 3709 688 3769; x_wconf 80' lang='lat'><strong>605,</strong></span> <span class='ocrx_word' id='word_1_252' title='bbox 700 3709 731 3757; x_wconf 84' lang='lat'><strong><em>1³</em></strong></span> <span class='ocrx_word' id='word_1_253' title='bbox 787 3709 811 3757; x_wconf 82' lang='lat'><strong><em>5.</em></strong></span> <span class='ocrx_word' id='word_1_254' title='bbox 830 3723 865 3757; x_wconf 88' lang='grc' dir='ltr'><strong><em>τα</em></strong></span> <span class='ocrx_word' id='word_1_255' title='bbox 879 3704 920 3768; x_wconf 86' lang='lat' dir='ltr'><strong><em>M;</em></strong></span> <span class='ocrx_word' id='word_1_256' title='bbox 939 3703 1068 3759; x_wconf 70' lang='grc' dir='ltr'><strong><em>ἐοεῖ.τδν</em></strong></span> 
     </span>
     <span class='ocr_line' id='line_1_30' title="bbox 133 3773 1024 3844; baseline -0.002 -16"><span class='ocrx_word' id='word_1_257' title='bbox 133 3776 460 3843; x_wconf 77' lang='grc' dir='ltr'><strong><em>11.αυτους,ετν,Μ</em></strong></span> <span class='ocrx_word' id='word_1_258' title='bbox 514 3773 1024 3844; x_wconf 57' lang='grc' dir='ltr'><strong><em>24.όλεῖ-εκοοπ.-ρλτολὶ</em></strong></span> 
     </span>
     <span class='ocr_line' id='line_1_31' title="bbox 59 3778 1100 3922; baseline 0 -24"><span class='ocrx_word' id='word_1_259' title='bbox 59 3852 102 3899; x_wconf 84' lang='lat'><strong><em>25.</em></strong></span> <span class='ocrx_word' id='word_1_260' title='bbox 117 3778 389 3916; x_wconf 61' lang='grc' dir='ltr'><strong><em>προχειρηξξομεῙνος</em></strong></span> <span class='ocrx_word' id='word_1_261' title='bbox 402 3846 431 3899; x_wconf 90' lang='grc' dir='ltr'><strong>Μ</strong></span> <span class='ocrx_word' id='word_1_262' title='bbox 485 3850 528 3900; x_wconf 75' lang='grc'><strong><em>27.</em></strong></span> <span class='ocrx_word' id='word_1_263' title='bbox 542 3839 617 3922; x_wconf 84' lang='grc' dir='ltr'><strong><em>κᾷτα</em></strong></span> <span class='ocrx_word' id='word_1_264' title='bbox 631 3845 690 3915; x_wconf 61' lang='lat' dir='ltr'><strong><em>(vix</em></strong></span> <span class='ocrx_word' id='word_1_265' title='bbox 701 3846 811 3916; x_wconf 52' lang='grc' dir='ltr'><strong><em>τεουεῆ</em></strong></span> <span class='ocrx_word' id='word_1_266' title='bbox 819 3864 873 3898; x_wconf 72' lang='grc' dir='ltr'><strong><em>και</em></strong></span> <span class='ocrx_word' id='word_1_267' title='bbox 884 3843 986 3906; x_wconf 55' lang='lat' dir='ltr'><strong><em>mm</em></strong></span> <span class='ocrx_word' id='word_1_268' title='bbox 993 3853 1100 3898; x_wconf 57' lang='lat' dir='ltr'><strong><em>mm-</em></strong></span> 
     </span>
     <span class='ocr_line' id='line_1_32' title="bbox 56 3913 1053 3991; baseline 0.011 -25"><span class='ocrx_word' id='word_1_269' title='bbox 56 3921 131 3982; x_wconf 70' lang='grc' dir='ltr'><strong><em>ζιγτει</em></strong></span> <span class='ocrx_word' id='word_1_270' title='bbox 151 3920 180 3968; x_wconf 78' lang='lat' dir='ltr'><strong><em>et</em></strong></span> <span class='ocrx_word' id='word_1_271' title='bbox 195 3935 327 3985; x_wconf 84' lang='grc' dir='ltr'><strong><em>μεταντα,</em></strong></span> <span class='ocrx_word' id='word_1_272' title='bbox 347 3917 378 3970; x_wconf 87' lang='lat' dir='ltr'><strong>M</strong></span> <span class='ocrx_word' id='word_1_273' title='bbox 382 3941 390 3986; x_wconf 71' lang='grc' dir='ltr'><strong><em>ς</em></strong></span> <span class='ocrx_word' id='word_1_274' title='bbox 414 3918 463 3973; x_wconf 86' lang='grc' dir='ltr'><strong><em>καλ</em></strong></span> <span class='ocrx_word' id='word_1_275' title='bbox 483 3915 555 3990; x_wconf 78' lang='grc' dir='ltr'><strong><em>μετὰ</em></strong></span> <span class='ocrx_word' id='word_1_276' title='bbox 574 3927 668 3975; x_wconf 81' lang='grc' dir='ltr'><strong><em>ταῦτα</em></strong></span> <span class='ocrx_word' id='word_1_277' title='bbox 684 3920 725 3991; x_wconf 55' lang='lat' dir='ltr'><strong><em>pk</em></strong></span> <span class='ocrx_word' id='word_1_278' title='bbox 797 3933 873 3986; x_wconf 59' lang='lat' dir='ltr'><strong><em>m·</em></strong></span> <span class='ocrx_word' id='word_1_279' title='bbox 884 3913 984 3976; x_wconf 55' lang='lat' dir='ltr'><strong><em>ssbffl</em></strong></span> <span class='ocrx_word' id='word_1_280' title='bbox 1000 3918 1053 3964; x_wconf 63' lang='lat' dir='ltr'><strong><em>w„</em></strong></span> 
     </span>
    </p>
   </div>
   <div class='ocr_carea' id='block_1_4' title="bbox 0 0 1202 4208">
    <p class='ocr_par' dir='ltr' id='par_1_4' title="bbox 0 0 1202 4208">
     <span class='ocr_line' id='line_1_33' title="bbox 0 0 1202 4208; baseline 0 0"><span class='ocrx_word' id='word_1_281' title='bbox 0 0 1202 4208; x_wconf 95' lang='lat' dir='ltr'><strong><em> </em></strong></span> 
     </span>
    </p>
   </div>
  </div>
 </body>
</html>
