2394 4208
638 34 682 87 ..τ’
718 70 725 79 ἱ

30 33 824 338 m

77 545 116 601 xl
136 546 181 620 ιι]
344 546 393 601 DE
410 545 668 602 mmmm
686 543 809 602 mm
1017 541 1081 606 461

72 709 242 795 τεσσάρων
275 713 450 795 Ιστοιχείων
485 714 691 796 συνίστησιν.
734 706 811 795 περὶ
847 702 908 791 μὲν
936 699 1000 770 οὖν
1023 713 1084 770 τοῦ

73 815 235 901 οὐρανίου
262 816 412 901 σώματος
438 815 475 883 ἐν
503 814 625 906 ἑτέροις
651 817 897 902 ὑπομνήσωμεν.
922 811 927 899 Ι
952 811 1002 877 ὅτι
1025 826 1067 868 τοι
1075 828 1140 869 1⁹0¹·

74 917 112 986 δὲ
139 919 194 986 καὶ
221 922 262 986 τά
288 921 428 1009 ἡμέτερα
455 924 590 1008 σώματα
611 923 666 990 καὶ
689 925 730 989 τά
751 933 820 987 τῶν
843 926 972 986 λοιπῶν
995 913 1087 1005 ζρίων

73 1026 110 1092 ἐκ
124 1038 192 1093 τῶν
208 1029 378 1114 τεσσάρων
396 1035 569 1115 στοιχείων
586 1036 787 1115 συντίθησιν
805 1026 920 1115 (τοῦτο
939 1027 1002 1111 γδρ
1021 1032 1087 1089 νῦν

72 1158 131 1218 μοι
161 1132 269 1220 χρῄζει
300 1134 318 1200 ὁ
348 1135 478 1223 λόγος),
508 1139 609 1203 άκουε
637 1139 739 1202 πάλιν
769 1135 874 1201 αὐτοῦ
905 1133 1086 1207 Πλάτωνος
1114 1155 1126 1197 τ

75 1240 245 1324 λέγοντος·
286 1240 353 1306 εκαὶ
385 1241 404 1306 δ
436 1238 497 1326 μὲν
529 1243 594 1328 δί’,
631 1246 746 1328 φησίν,
778 1242 894 1306 ’ταῦτα
921 1235 1086 1315 διατάξας’

75 1345 180 1434 (λέγει
209 1343 247 1412 δὲ
276 1346 352 1434 περὶ
379 1357 440 1414 τοῦ
469 1349 676 1437 δημιουργοῦ
703 1358 764 1414 τοῦ
791 1344 930 1434 παντός)
959 1346 1088 1430 Ἱμενεν

76 1453 115 1519 ἐν
140 1461 186 1540 τῷ
215 1451 335 1520 ἑαυτοῦ
358 1457 440 1520 κατὰ
462 1457 589 1542 τρόπον
610 1458 704 1541 ἤθει,
728 1453 888 1540 μένοντος
910 1448 948 1518 δὲ
972 1450 1087 1534 ἐννοη-

75 1576 192 1637 σαντες
224 1561 257 1625 ολ
288 1562 404 1639 παῖδες
436 1564 497 1646 τὴν
529 1571 590 1628 τοῦ
621 1564 745 1649 πατρὸς
779 1558 874 1638 τάξιν
909 1558 1086 1624 ἐπείθοντο

49 1665 52 1671 ’
76 1666 159 1752 αὐτῇ
188 1664 243 1731 καλ
267 1669 426 1750 λαβόντες
449 1668 554 1754 ἀρχὴν
576 1668 749 1735 ἀθάνατον
772 1675 902 1752 θνητοῦ
927 1663 1012 1753 ζῴου
1035 1689 1088 1749 μι-
1102 1693 1130 1733 ιο

76 1773 239 1857 μούμενοι
271 1773 332 1838 τὸν
364 1774 528 1862 σφέτερον
564 1776 772 1862 δημιουργὸν
802 1773 910 1859 πυρὸς
940 1770 996 1837 καὶ
1028 1780 1088 1854 γῆς

75 1878 199 1955 ὕδατός
229 1902 263 1943 τε
294 1878 350 1945 ιιαὶ
382 1879 479 1967 ἀέρος
511 1882 575 1947 ἀπὸ
608 1891 668 1948 τοῦ
700 1884 829 1965 κόσμου
861 1876 1088 1962 δανειζόμενοι

76 1986 178 2070 μόρια
201 1985 246 2062 ὡς
268 1986 550 2078 ἀποδοθησόμενα
570 1989 672 2053 πάλιν
696 1990 743 2066 είς
765 1987 888 2053 ταύτὸν
905 1987 946 2050 τά
964 1986 1088 2068 λαμβα·

77 2093 202 2175 νόμενα
231 2089 458 2167 ξυνετόλλων’.
505 2094 523 2160 ὁ
552 2095 652 2172 αὐτὸς
680 2097 744 2181 άρα
772 2094 915 2160 Πλάτων
942 2089 997 2157 καὶ
1026 2091 1089 2175 τὴν

78 2207 142 2281 γῆν
174 2196 399 2283 ἀμετάβλητον
431 2202 479 2278 εἰς
510 2203 550 2266 τά
581 2203 682 2266 λοιπά
713 2200 859 2287 στοιχεῖά
888 2216 993 2284 φησιν
1020 2207 1088 2261 τῶν
1102 2225 1128 2267 ιτ

79 2304 190 2369 ἀλλων
218 2310 391 2390 στοιχείων
423 2309 471 2384 είς
501 2308 626 2392 ἀλληλα
656 2309 931 2392 μεταβαλλόντων
962 2303 1017 2370 καὶ
1049 2305 1089 2368 τά

79 2421 148 2475 τῶν
175 2418 313 2495 θνητῶν
340 2410 432 2499 ζῴων
460 2415 594 2497 σώματα
616 2412 671 2478 καλ
694 2425 762 2480 τῶν
784 2418 911 2479 λοιπῶν
934 2410 1088 2476 ἁπάντων

79 2516 116 2581 ἐκ
138 2528 206 2582 τῶν
229 2517 339 2583 αὐτῶν
361 2520 491 2585 τούτων
508 2521 678 2606 τεσσάρων
696 2524 870 2605 στοιχείων
888 2523 1088 2602 συγκείσθω

79 2625 243 2706 βούλεται.
288 2633 391 2690 ταῦτα
418 2622 456 2691 δὲ
478 2628 647 2711 μαχόμενά
669 2625 707 2692 τό
727 2626 819 2692 ἐστιν
841 2623 896 2690 καὶ
919 2624 1086 2708 ἀσύγκλω-

81 2748 142 2796 στα
163 2728 218 2794 καί
241 2730 283 2795 οὐ
306 2735 403 2797 λίνου
426 2736 507 2820 λίνῳ
532 2733 758 2810 συνάπτοντος
785 2733 868 2797 κατά
889 2733 951 2815 την
973 2753 1088 2818 πάροι·
1102 2760 1130 2801 ιο

79 2840 171 2921 μίαν,
201 2835 287 2920 λέγω
317 2839 358 2921 δὴ
388 2840 425 2904 τὸ
457 2837 513 2904 καὶ
541 2840 604 2923 τὴν
630 2849 693 2923 γῆν
724 2839 948 2924 ἀμετάβλητον
976 2839 1022 2916 είς
1049 2839 1089 2904 τά

81 2943 181 3007 λοιπά
208 2941 319 3026 λέγειν
346 2942 400 3009 καὶ
427 2946 468 3009 τά
495 2946 644 3010 σύνθετα
671 2944 707 3010 ἐκ
729 2955 797 3009 τῶν
819 2944 987 3030 τεσσάρων
1010 2963 1089 3030 συγ-

81 3055 216 3113 κείσθω
255 3053 436 3135 στοιχείων.
492 3053 521 3116 εί
552 3046 614 3135 μὲν
645 3052 709 3137 γὰρ
741 3051 761 3135 ἡ
794 3061 835 3135 γῆ
867 3049 1090 3136 ἀμετάβλητός

82 3154 184 3239 ἐστιν,
216 3152 318 3221 οὐδὲν
346 3167 414 3221 τῶν
441 3155 616 3223 συνθέτων
647 3156 684 3223 ίιι
711 3168 778 3222 τῶν
805 3157 974 3243 τεσσάρων
1002 3175 1089 3224 στοι-

83 3265 181 3346 χείων
200 3262 413 3347 συνέστηκεν·
436 3265 466 3329 ελ
485 3260 523 3329 δὲ
541 3264 578 3329 ἐκ
596 3274 663 3329 τῶν
681 3264 850 3349 τεσσάρων
869 3264 909 3327 τά
931 3265 1089 3350 σύνθετα,
1103 3292 1129 3334 ιε

82 3368 251 3433 ἀδύνατον
281 3363 368 3433 εἶναι
397 3372 459 3453 τὴν
487 3379 552 3454 γῆν
580 3371 628 3448 εἰς
657 3372 697 3435 τά
724 3371 823 3435 λοιπά
852 3369 1090 3454 ἀμετάβλητον·

82 3471 185 3540 οὐδὲν
212 3476 275 3560 γάρ
305 3474 341 3541 ἐν
363 3485 433 3553 τοῖς
456 3474 634 3554 συνθέτοις
658 3476 806 3562 ἐνεργείᾳ
828 3486 896 3540 τῶν
918 3481 1091 3562 στοιχείων

156 3708 180 3756 6,
200 3702 272 3756 plat.
291 3702 361 3758 Tim.
380 3704 443 3758 42ss
543 3703 655 3760 ἅπαντα
673 3713 761 3759 ταῦτα
780 3703 852 3759 plat.
958 3706 1090 3771 διαταξα·

84 3775 106 3841 τί
113 3777 168 3827 θαι
186 3774 236 3845 οι]
254 3773 283 3826 Μ
363 3780 387 3830 8.
403 3781 427 3829 9.
447 3774 597 3842 νοήσαντες
614 3775 686 3830 plat.
773 3782 816 3830 10.
834 3774 986 3830 ἀθάνατον
1007 3776 1101 3841 &ww

85 3844 185 3965 Phth
207 3850 289 3967 lom
306 3850 539 3970 Πχχμημουμενοι
555 3846 585 3902 Μ
678 3854 723 3904 18.
745 3845 833 3919 μόρια
845 3847 947 3918 mx
962 3840 1128 3912 μυοιειεῖἱ

182 3956 188 3967 ,
240 3932 309 3968 ιπον
