2394 4208
74 539 100 593 X
115 541 144 611 8]
341 539 390 593 ΒΕ
408 539 664 594 AETERNITATE
683 539 805 594 MVNDI
1017 541 1082 606 393

74 703 147 786 ῆτις
176 701 213 767 ἐν
240 710 286 789 τῷ
315 704 425 791 οἰκείῳ
453 702 602 787 μένουσα
623 706 711 791 τόπῳ
734 705 841 793 πάσης
862 701 924 788 μὲν
947 703 1085 769 ἀλλοιώ-

75 826 158 885 σεως
186 804 275 884 εἶδος
303 807 445 894 δέχεται,
473 811 521 886 εἰς
548 812 668 892 μυρίας
691 805 728 873 δὲ
751 820 869 893 φυτῶν
891 809 946 875 καί
969 811 1086 894 μετάλ-

74 919 145 979 λων
168 913 258 991 ἰδέας
280 919 489 998 μεθίσταται;
512 915 595 980 ἀλλὰ
618 916 659 1000 δῆ
682 914 738 980 καλ
762 918 796 981 αλ
818 918 1004 994 καπνώδεις
1026 916 1081 982 ἀπ’

76 1021 177 1105 αὐτῆς
210 1021 452 1106 ἀναθυμιάσεις
483 1023 655 1106 γινόμεναι
683 1032 741 1107 τῆς
770 1022 840 1087 κατ’
871 1020 960 1101 εἶδος
989 1047 1085 1108 μετα-

74 1132 178 1212 βολῆς
201 1129 301 1212 αὐτῆς
325 1126 495 1206 ἀπόδειξιν
518 1132 661 1214 ἔχουσιν.
697 1127 752 1193 καί
777 1131 808 1194 ολ
831 1141 1022 1215 κεραυνίται
1049 1128 1086 1196 δὲ
1112 1152 1126 1195 ε

75 1237 251 1319 λεγόμενοι
279 1239 372 1300 λίθοι
400 1237 534 1300 άνωθεν
560 1236 647 1299 κάτω
675 1238 937 1320 καταφερόμενοι
964 1248 1022 1322 τῆς
1050 1237 1087 1303 ἐν

75 1350 122 1429 τῷ
159 1343 240 1406 κατά
277 1342 383 1425 φύσιν
419 1343 508 1428 τόπῳ
545 1350 605 1405 τοῦ
641 1342 747 1427 πυρὸς
782 1344 965 1425 μεταβολῆς
1001 1346 1087 1409 εἰσιν

75 1451 243 1533 τεκμῆρια.
276 1446 331 1512 καλ
349 1449 389 1512 τά
409 1448 557 1512 σύνθετα
580 1443 617 1512 δὲ
641 1445 676 1511 ἐκ
698 1457 766 1511 τῶν
789 1445 821 1511 δ’
841 1453 1014 1533 στοιχείων
1031 1449 1086 1515 καί

77 1554 115 1619 ἐν
138 1554 261 1619 ὕδασιν
282 1553 303 1636 ἢ
328 1553 364 1618 ἐν
386 1563 429 1639 γῆ
454 1554 654 1636 διαιτώμενα
677 1555 810 1637 σώματα
833 1553 931 1640 (λέγω
955 1556 996 1638 δῆ
1022 1558 1087 1643 ζῷά

76 1684 111 1725 τε
144 1660 198 1725 καὶ
231 1658 334 1747 φυταῆ
367 1659 422 1724 καλ
452 1661 491 1724 τά
520 1659 585 1724 ὑπὸ
617 1669 681 1743 γῆν
710 1661 838 1725 ἅπαντα
865 1663 1087 1745 συνιστάμενα
1100 1685 1128 1727 ιο

75 1767 221 1853 με’ταλλα
252 1765 307 1831 καλ
340 1766 402 1832 ὅσα
433 1776 587 1849 γεννᾶται
621 1765 658 1831 ἐν
688 1766 810 1831 ὕδασιν
842 1766 878 1831 ἐν
909 1777 948 1852 τῆ
981 1769 1087 1854 οίκείηι

77 1874 211 1956 ὁλότητι
225 1872 368 1956 μένοντα
384 1872 482 1960 (λέγω
497 1873 538 1955 δὴ
553 1882 592 1958 τῆ
608 1883 649 1958 γῆ
667 1872 688 1955 ῆ
707 1880 753 1961 τῷ
768 1872 879 1937 ὕδατι·
902 1882 1005 1937 ταῦτα
1023 1876 1086 1960 γάρ

78 1979 117 2046 ἐν
140 1981 271 2055 τούτοις
293 1980 463 2057 πλεονάζει
487 1980 527 2043 τά
550 1977 709 2065 στοιχεῖα)
738 1979 799 2044 ὅλα
820 1978 896 2044 καθ’
921 1980 982 2044 ὅλα
1005 1981 1087 2045 αὐτά

77 2087 302 2169 ἀλλοιούμενα
325 2088 477 2169 φαίνεται
499 2082 663 2168 αὐξόμενά
681 2108 715 2149 τε
734 2085 789 2150 καλ
808 2090 978 2170 φθίνοντα
995 2089 1087 2171 γινό-

74 2194 161 2279 μενά
188 2215 222 2257 τε
245 2190 300 2256 καλ
323 2192 541 2276 φθειρόμενα
587 2193 738 2257 καθόλου
763 2194 827 2278 άρα
849 2194 974 2271 ψεῦδός
996 2192 1087 2259 ἐστιν
1100 2215 1127 2259 ω

76 2303 115 2365 τὸ
141 2299 177 2363 ἐν
200 2306 246 2386 τηὸ
270 2300 351 2362 κατά
375 2299 480 2382 φύσιν
502 2296 646 2382 μένοντα
668 2299 757 2386 τόπῳ
780 2300 820 2363 τά
843 2310 988 2385 στοιχεῖα
1011 2299 1086 2384 άμε-

75 2407 223 2488 τάβλητα
253 2401 351 2469 εἷναι·
388 2404 587 2468 τούναντίον
616 2405 679 2489 γάρ
709 2403 764 2468 καὶ
792 2403 829 2469 ἐν
856 2416 925 2482 τοῖς
953 2407 1088 2483 οἰκείοις

77 2511 222 2597 μένοντα
254 2514 369 2587 τόποις
399 2521 467 2575 πᾶν
503 2506 593 2587 εἶδος
627 2513 809 2595 μεταβολῆς
840 2513 1087 2596 μεταβάλλοντα

76 2618 252 2683 δέδεικται.
298 2617 394 2682 “άλλά
415 2619 456 2682 τά
478 2613 540 2701 μὲν
561 2628 629 2682 τῶν
651 2622 823 2702 στοιχείων
844 2617 950 2704 μέρη,
972 2623 1087 2703 φησίν,

76 2723 256 2808 ζἐνδέχεται
294 2723 348 2788 καί
382 2723 418 2788 ἐν
450 2735 520 2801 τοῖς
551 2725 633 2788 κατὰ
664 2725 770 2807 φύσιν
800 2723 944 2808 μένοντα
975 2728 1129 2803 τόποιςεο

75 2831 306 2914 μεταβάλλειν,
337 2830 438 2907 αὐτάς
468 2826 505 2895 δὲ
534 2831 592 2907 τάς
620 2840 688 2893 τῶν
718 2833 891 2915 στοιχείων
921 2830 1087 2916 δλότητας,

76 2935 140 3011 ἕως
167 2934 209 2999 δὶν
229 2937 233 3019 λ
255 2935 291 3000 ἐν
317 2944 363 3022 τῷ
390 2938 472 3000 κατὰ
499 2937 605 3020 φύσιν
629 2934 775 3019 μένωσιν
797 2938 902 3025 τόπῳ,
926 2937 1005 3002 άδύ-
1024 2955 1143 2997 tonsu.

77 3044 182 3106 νατόν
218 3041 309 3107 ἐστιν
344 3043 575 3126 μεταβάλλειν·
616 3041 777 3126 οὐδεμίαν
807 3044 870 3129 γάρ
902 3046 1088 3129 μεταβολὴν

78 3149 141 3212 ὅλα
163 3147 240 3213 καθ’
260 3148 321 3213 ὅλα
344 3149 427 3213 αὐτοὶ
450 3150 489 3213 τὰ
512 3158 658 3233 στοιχεῖα
680 3151 834 3231 φαίνεται
857 3149 1086 3233 ὑπομένοντα.

78 3252 150 3318 ἀλλ’
183 3254 200 3319 ὅ
236 3264 334 3320 τοῦτο
371 3254 479 3338 λέγων
515 3252 617 3320 οὐδὲν
653 3252 767 3339 ἕτερον
797 3252 817 3337 ῆ
850 3256 887 3318 τὸ
921 3253 953 3332 ἐξ
986 3255 1128 3341 άρχῆςεε

78 3362 217 3425 αἰτεῖται
241 3360 296 3426 καλ
319 3363 356 3426 τὸ
382 3362 582 3445 ζητούμενον
605 3366 864 3446 συγχωρηθῆναι
884 3361 973 3448 αὑτῷ
992 3359 1087 3439 ἄξιοί.

79 3471 240 3551 ζητοῦμεν
268 3469 329 3552 γάρ
358 3476 433 3550 νῦν,
461 3469 490 3531 εί
520 3469 557 3531 τὸ
587 3476 654 3532 πᾶν
682 3465 772 3531 ἐστιν
800 3466 1024 3550 άμετάβλητόν
1053 3492 1088 3533 τε

78 3572 134 3638 καὶ
164 3573 287 3637 άίδιον·
325 3573 550 3657 ἀμετάβλητον
578 3570 607 3636 δ’
635 3571 677 3636 άν
706 3578 755 3654 είη
783 3569 888 3656 μηδὲν
910 3584 977 3638 τῶν
999 3590 1087 3639 στοι-

152 3842 175 3890 6.
197 3837 456 3907 [κατλαφερομενοα
476 3853 509 3891 ex
529 3854 615 3906 φερο,
631 3834 664 3890 M
736 3840 782 3891 u.
802 3835 1039 3905 ἂυξομεμευαὶδ

75 3913 117 3960 28,
138 3907 198 3958 fort.
220 3906 274 3975 είη,
296 3907 362 3980 (el)
380 3906 471 3978 μηδὲν
485 3942 522 3951 -
537 3910 709 3986 μεταβάλλει
