2394 4208
72 106 96 155 Υ
101 107 110 156 1
129 108 174 175 Ξῖ]
344 107 388 157 DF„
410 107 663 158 *xfi'ffflffl'llx'slz
687 107 802 157 xlx‘val
1017 108 1080 166 215)

64 267 114 330 ἀν
141 268 267 349 ἐγίνετο
288 269 322 332 έκ
341 272 468 332 τούτων
488 282 553 333 τῶν
573 271 827 355 ἐνυπαρχόντων
847 271 945 355 αὐτῷ,
965 272 993 332 ελ
1014 269 1080 351 ἐγέ-

63 398 164 457 νετο,
192 373 362 458 λέγουσιν·
390 377 497 440 πάντα
525 379 587 461 γάρ
616 379 681 461 ἅμα
709 379 789 442 ὄντα
812 377 829 442 ὁ
853 377 1081 460 μαθηματικὸς

63 481 186 564 λαβὼν
222 481 348 567 θάτερα
385 481 421 547 ἐκ
457 494 525 547 τῶν
562 481 681 569 ἑτέρων
717 495 784 547 τῶν
826 483 1081 568 ἐνυπαρχόντων

62 587 187 665 αὐτοῖς
213 598 364 673 πειρᾶται
393 601 582 655 συνεστῶτα
609 591 794 655 δεικνύναι·
831 590 871 654 οὐ
899 590 962 674 γάρ
991 587 1081 653 ἐστιν

62 693 87 760 ὁ
118 695 224 776 κύβος
251 694 457 780 άναιρετικὸς
484 708 551 761 τῶν
573 700 789 781 τετραγώνων
811 699 893 761 κατὰ
915 697 976 779 τὴν
999 693 1080 759 έκεί-
1106 721 1119 763 τ

64 824 142 865 νων
165 802 341 884 γινόμενος
363 804 549 886 μεταβολὴν
572 800 762 888 (ἐνυπάρχει
786 809 871 885 γοῦν
887 799 996 887 αὐτῷ)
1024 798 1079 864 καὶ

69 907 136 971 οὐκ
160 906 244 971 αὐτὰ
266 910 306 972 τά
328 909 516 993 τετράγωνα
539 907 722 991 ἀναγκαῖον
745 902 830 972 εἶναι
853 907 917 991 πρὸ
941 916 998 990 τῆς
1021 924 1078 970 συ-

69 1013 219 1089 στάσεως
245 1023 306 1079 τοῦ
333 1015 439 1097 κύβου
469 1013 688 1101 (συνυπάρχει
717 1023 801 1097 γοῦν
823 1011 877 1077 καί
901 1012 1077 1097 ἐνυπάρχει

69 1117 107 1182 έν
136 1117 241 1205 αὐτῷ,
270 1120 314 1197 ὡς
342 1120 496 1207 ἔφαμεν)·
524 1121 542 1186 ὁ
571 1123 634 1205 γὰρ
661 1122 744 1205 πρὸς
770 1121 936 1185 ὑπόθεσιν
958 1117 1012 1183 καὶ
1036 1119 1076 1184 οὐ

68 1227 154 1309 πρὸς
183 1224 346 1310 ἀλήθειαν
373 1226 506 1311 γένεσίν
532 1251 624 1305 τινος
652 1228 830 1311 λαμβάνων
858 1225 893 1290 ἐκ
915 1227 1077 1290 τοιούτων
1091 1255 1117 1294 ιο

69 1332 247 1414 λαμβάνει,
271 1327 319 1398 ὧν
342 1334 404 1398 οὐκ
428 1336 518 1399 ἔστιν
542 1332 752 1418 ἀναιρετικὸν
774 1335 810 1398 τὸ
835 1334 1016 1416 λεγόμενον
1043 1329 1075 1408 ἐξ

68 1438 183 1503 αὐτῶν
210 1438 391 1521 γεγονέναι.
438 1443 522 1505 ἔνθα
549 1439 590 1504 δέ
613 1463 689 1504 τινα
716 1439 927 1523 λαμβάνομεν
955 1439 1001 1514 είς
1024 1436 1076 1519 γέ-

68 1549 164 1610 νεσίν
187 1568 287 1628 τινος,
311 1545 479 1611 ἀδύνατον
502 1545 707 1630 ἀμετάβλητα
725 1546 780 1610 καὶ
799 1548 965 1633 σῳζόμενα
982 1553 1077 1627 ποιη-

68 1668 125 1715 σαι
153 1651 190 1714 τὸ
220 1649 252 1728 ἐξ
281 1651 401 1736 αὐτῶν,
429 1651 511 1716 ἀλλά
535 1653 591 1716 διὰ
613 1655 795 1736 μεταβολῆς
818 1650 928 1716 αὐτῶν
950 1653 1076 1733 γίνεται

67 1757 105 1821 τὸ
134 1758 316 1840 λεγόμενον
344 1756 376 1835 ἐξ
400 1759 511 1823 αὐτῶν
534 1754 629 1824 εἶναι.
674 1758 845 1843 γεγένηται
870 1754 907 1822 δὲ
931 1755 1078 1822 ἐνταῦθα
1091 1784 1117 1826 ιι

67 1860 124 1926 καὶ
157 1861 269 1928 οὐκέτι
302 1862 392 1929 ἐστὶν
422 1866 506 1950 πρὸς
537 1864 704 1930 ὑπόθεσιν
732 1866 752 1948 ἡ
782 1865 917 1947 τοιαύτη
949 1862 1076 1946 γένεσις

67 1968 315 2054 λαμβανομένη·
348 1972 482 2054 τοιαύτη
510 1973 573 2056 γάρ
601 1971 711 2054 ἡτῶν
734 1970 868 2054 ἀληθῶς
891 1968 1076 2053 γινομένων

66 2073 199 2155 γένεσις
225 2074 280 2140 καλ
309 2077 414 2155 οὕτως
441 2081 568 2160 γίνεται
596 2078 636 2141 τά
663 2079 822 2162 γινόμενα
849 2078 963 2161 φύσει·
996 2072 1075 2141 οὐδὲ

67 2181 131 2267 γὰρ
156 2179 174 2245 ὁ
198 2183 426 2265 μαθηματικὸς
449 2183 532 2269 πρὸς
554 2183 721 2248 ὑπόθεσιν
739 2185 786 2248 ἔτι
805 2186 960 2266 γίνεσθαι
980 2181 1075 2265 ἐλάμ-

64 2288 186 2370 βανεν,
216 2289 246 2352 εί
273 2286 309 2352 ἐκ
336 2290 499 2354 τοιούτων
527 2289 611 2354 αὐτὰ
638 2292 816 2372 γίγνεσθαι
838 2289 1030 2371 ὑπετίθετο,
1054 2287 1115 2355 ἀπο

66 2388 109 2474 ἦν
133 2392 258 2477 ἀνάγκη
282 2397 528 2478 μεταβάλλοντα
550 2394 570 2477 ἢ
594 2397 676 2459 κατὰ
698 2397 856 2478 ποιότητα
878 2393 897 2476 ἣ
921 2395 1003 2459 κατά
1020 2395 1074 2458 τά·

64 2496 120 2574 ξιν
142 2504 283 2582 ποιῆσαί
302 2523 377 2564 τινα
400 2500 497 2565 αὐτά·
519 2502 559 2565 τὰ
578 2502 641 2585 γάρ
659 2501 743 2586 πρὸς
760 2501 926 2565 ὑπόθεσιν
944 2501 1074 2565 δεικνύ-

64 2627 151 2687 μενα
174 2607 329 2687 γίνεσθαι
348 2605 389 2670 ού
408 2606 458 2689 τά,
477 2603 511 2682 ἐξ
530 2601 579 2671 ὧν
597 2604 736 2690 ἐγένετο,
755 2608 820 2690 ἔχει
839 2604 1073 2689 ὑποτιθέμενα,

66 2710 234 2774 δοκοῦντα
261 2710 312 2794 δέ,
341 2710 424 2775 ἀλλὰ
451 2712 559 2776 ὄντων
585 2714 714 2777 τούτων
741 2709 796 2776 καὶ
819 2710 1075 2796 ἐνυπαρχόντων

66 2812 103 2879 έν
133 2824 205 2891 τοῖς
234 2815 463 2900 δεικνυμένοις
494 2815 526 2894 έξ
557 2817 668 2882 αὐτῶν
699 2816 872 2900 γεγονέναι
902 2818 963 2901 τὴν
992 2820 1073 2882 κατά
1087 2845 1114 2888 ιο

64 2922 126 2986 τὸν
149 2923 253 3004 λόγον
271 2922 435 2987 σύνθεσιν
453 2926 560 3006 μόνην
579 2926 643 3008 ἔχει
662 2922 940 3010 προστιθεμένην·
964 2932 1074 2990 τοιού·

62 3051 125 3092 τον
153 3029 216 3113 γὰρ
244 3025 299 3091 καί
327 3028 384 3092 διὰ
410 3029 572 3094 τοιούτων
598 3029 619 3113 ἡ
648 3029 815 3106 ἀνάλυσις.
862 3028 914 3095 ἐπί
943 3026 980 3094 δὲ
1007 3039 1074 3094 τῶν

62 3133 201 3217 ἀληθῶς
222 3131 410 3217 γινομένων
433 3133 494 3218 οὐχ
517 3135 623 3212 οὕτως
646 3138 726 3219 ἔχει·
748 3135 789 3199 οὐ
808 3137 871 3220 γάρ
890 3137 956 3220 ἀμα
975 3139 1074 3221 ἔμμη-

62 3263 127 3304 νον
150 3238 205 3304 καλ
230 3242 377 3324 ἔμβρυον
401 3238 473 3305 οὐδ’
497 3242 563 3325 ἅμα
586 3240 700 3318 ἀταξία
717 3246 873 3308 πλίνθων
890 3241 945 3307 καλ
964 3247 1073 3309 λίθων

52 3448 91 3512 2³9
114 3401 175 3512 lm.
196 3396 311 3533 οωηετχι
328 3395 364 3449 Μ
437 3403 479 3454 26.
500 3397 579 3473 τλοῙν
596 3398 628 3456 Μ
709 3400 778 3461 fort.
797 3399 1018 3475 ύποτιθεμλνψ

88 3503 93 3513 .
124 3464 235 3528 μβρνιν
247 3466 284 3530 pt
313 3483 439 3534 εμαρυον
458 3470 493 3526 Μ
567 3476 715 3550 πληνθων
731 3478 769 3536 M
