2394 4208
666 118 670 148 I

24 39 846 338 m

85 560 150 615 XIII
165 562 211 633 10]
354 561 402 615 DE
421 559 678 615 AETERNITA'I'E
696 559 819 615 MVNDI
1032 559 1097 624 503

86 726 192 789 είιιεῑν
220 722 303 788 ε’τῶν
330 723 555 809 ὑπάρχοντιῆ
579 724 680 787 πάλιν
702 731 749 810 τῷ
771 724 852 807 μετά
874 723 1002 808 μακρὸν
1026 721 1097 788 έσο-

85 831 173 916 μένφ
201 832 324 914 χρόνον
352 831 486 894 πάντων
508 840 576 894 τῶν
598 841 708 914 μερῶν
730 839 791 894 τοῦ
815 853 850 894 τε
872 828 953 915 πρὶν
974 829 1098 907 ὕδατος

86 936 286 1021 φθαρέντων
313 945 378 1000 νῦν
405 934 459 1000 καλ
488 944 548 1000 τοῦ
575 944 640 1000 νῦν
668 936 764 1011 ὄντος
792 929 893 1013 αὖθις
922 943 1097 1020 φθαρησο-

85 1043 199 1127 μένου,
226 1041 281 1107 καλ
310 1042 362 1107 έτιί
386 1052 453 1106 τῶν
477 1045 603 1107 λοιπῶν
626 1044 800 1126 στοιχείων
823 1041 841 1107 ὁ
865 1042 965 1119 αὐτὸς
988 1045 1096 1127 λόγος.

83 1161 154 1227 πῶς
173 1144 236 1214 οὖν
255 1149 436 1232 ἀγενήτους
455 1144 539 1212 εἶναι
558 1146 613 1212 καὶ
633 1147 830 1233 ἀφθάρτους
843 1160 910 1213 τῶν
925 1154 1097 1235 στοιχείων
1123 1177 1136 1219 ε

85 1259 143 1333 τὰς
170 1256 328 1338 ὁλότητος
357 1259 507 1339 φήσομεν
534 1256 592 1331 τάς
619 1256 662 1337 μὴ
692 1251 760 1318 κατ’
789 1253 937 1338 ιἰριθμὸν
965 1254 1016 1320 ἀεὶ
1038 1259 1096 1335 τάς

84 1365 187 1439 αὐτάς
219 1363 334 1440 οὕσας;
376 1358 446 1425 ἀλλ’
479 1356 559 1425 οὐδὲ
591 1362 628 1425 τὸ
660 1369 725 1424 νῦν
762 1359 892 1444 άθρόον
924 1359 1001 1426 καθ’
1035 1363 1096 1429 ὅλα

84 1471 168 1534 αὐτά
195 1471 235 1533 τὰ
263 1479 409 1553 στοιχεῖα
435 1469 478 1551 μὴ
509 1470 714 1552 φθείρεσθαι
743 1466 826 1530 ἀλλὰ
851 1465 920 1531 κατ’
944 1463 1033 1546 εἷὸος
1056 1471 1096 1534 τά

82 1576 168 1640 αὐτὰ
194 1574 307 1658 μένειν
335 1571 501 1651 ἀπόδειξίς
529 1572 620 1639 έστιν
646 1583 706 1638 τοῦ
729 1572 784 1638 καὶ
807 1578 975 1651 παντελῶς
997 1575 1096 1659 μηθί-

83 1705 163 1746 ιιοτε
186 1684 226 1745 τά
250 1682 310 1745 ὅλα
333 1692 478 1766 στοιχεῖα
502 1684 753 1766 φθαρήσεσθαι·
777 1680 902 1763 ἀνάγκη
927 1683 1006 1766 γάρ,
1033 1681 1137 1760 ἕωςιο

84 1787 127 1851 άν
153 1781 174 1872 ᾖ
203 1788 220 1852 ὁ
249 1791 386 1871 κόσμος,
414 1786 564 1874 έξκαστον
591 1797 658 1851 τῶν
685 1796 745 1852 τοῦ
772 1789 899 1870 κόσμου
928 1804 1015 1852 στοι-
1038 1805 1142 1846 somer

84 1898 194 1978 χείων,
218 1892 250 1970 ἐξ
275 1889 323 1958 ὧν
345 1895 382 1958 τὸ
407 1890 492 1958 εἶναι
517 1893 535 1958 ὁ
559 1896 681 1976 κόσμος
704 1895 786 1977 ἔχει,
810 1892 891 1957 ὅλον
913 1892 990 1958 καθ’
1015 1894 1096 1959 ὅλον

83 2001 164 2064 αὐτὸ
196 1999 266 2063 κατ’
296 1996 386 2077 είὸος
413 1999 591 2086 σφ’ζεσθαι·
627 1998 683 2064 καλ
712 2000 774 2084 γάρ
803 1998 864 2076 έως
893 1998 935 2064 ὅν
961 2000 982 2084 ἡ
1007 2001 1096 2065 οἰκία

83 2107 166 2192 μένη
197 2109 298 2189 οίκίοι,
329 2108 381 2171 θεῖ
410 2105 465 2170 καὶ
493 2107 547 2189 τά,
578 2104 610 2182 ἐξ
640 2100 687 2171 ὧν
714 2107 899 2190 σύγκειται,
929 2105 1006 2171 καθ’
1035 2107 1096 2172 ὅλα

84 2215 168 2278 αὐτὰ
190 2212 304 2297 μένειν
326 2210 393 2277 κατ’
418 2208 507 2289 είὸος
530 2214 570 2276 τά
593 2212 690 2295 αὐτά,
709 2211 793 2295 λέγω
813 2212 854 2295 δὴ
874 2217 994 2290 λίθους
1013 2211 1096 2290 ξύλα
1110 2240 1136 2280 ιε

83 2320 138 2384 καλ
161 2322 201 2384 τὰ
224 2321 337 2402 λοιπά,
360 2319 422 2383 κάν
445 2320 527 2383 κατὰ
549 2318 630 2403 μέρη
655 2322 861 2403 φθείρωνται
886 2321 975 2383 οἵτε
1002 2324 1095 2386 λίθοι

83 2425 138 2490 καί
161 2428 201 2489 τά
224 2424 320 2508 ξύλα,
349 2426 393 2501 ὡς
420 2423 475 2489 καὶ
499 2424 535 2488 έν
558 2432 604 2512 τῷ
627 2425 691 2510 πρὸ
716 2425 837 2488 τούτου
860 2427 947 2511 λόγῳ
972 2423 1095 2503 ἐδείξα-

83 2552 157 2616 μεν·
191 2530 246 2595 καί
270 2532 307 2596 έν
331 2532 397 2618 ὅσῳ
420 2542 488 2595 τῶν
511 2533 618 2596 ὅντων
641 2527 725 2614 ἧνὸ
749 2532 944 2614 Σωκράτης,
968 2531 1093 2617 ἀνάγκη

81 2636 125 2723 ἦν
152 2638 207 2703 καί
235 2640 274 2702 τά
302 2640 423 2702 τούτου
451 2636 532 2722 μέρη
560 2635 629 2701 κατ’
654 2633 743 2713 είδος
767 2635 948 2723 σῴζεσθαι,
972 2639 1095 2723 σάρκας

84 2744 169 2829 φημί
192 2744 246 2809 καὶ
271 2736 350 2828 αἷμα
373 2742 427 2808 καί
451 2743 530 2808 ὀστᾶ
553 2741 608 2807 καί
627 2744 667 2807 τὰ
685 2745 785 2807 λοιπά
802 2746 912 2828 μόρια,
931 2743 994 2809 κάν
1011 2748 1093 2810 κατά
1106 2774 1134 2813 ιο

82 2852 163 2937 μέρη
193 2853 276 2915 ἄλλα
304 2848 365 2934 μὲν
389 2850 579 2935 ἐφθείρετο,
608 2851 691 2914 ἄλλα
715 2846 752 2914 δέ
775 2849 917 2934 ἐγίνετο,
941 2857 1031 2936 είτιερ
1057 2851 1094 2917 ἐν

83 2958 210 3041 γενέσει
235 2956 289 3021 καὶ
314 2964 430 3043 φθορᾷ
453 2957 490 3020 τὸ
515 2951 600 3021 είναι
625 2957 657 3020 οἱ
680 2958 856 3040 ἅνθρωποι
879 2958 1005 3040 ἔχομεν.
1052 2959 1093 3024 οὐ

81 3066 119 3127 τὸ
148 3066 191 3148 μὴ
220 3069 423 3149 φθείρεσθαι
453 3058 516 3127 οὖν
543 3071 608 3127 νῦν
629 3060 698 3126 κατ’
723 3057 812 3139 εἶδος
834 3064 892 3139 τὰς
914 3074 981 3127 τῶν
1005 3083 1093 3130 στοι-

82 3176 181 3255 χείων
209 3170 366 3253 ὁλότητας
393 3180 492 3235 τοῦτο
521 3168 687 3246 ἀπόδειξίς
715 3168 805 3234 ἐστιν
832 3178 892 3234 τοῦ
916 3171 1094 3256 ἄφθαρτον

80 3274 168 3341 εἶναι
195 3279 255 3342 τὸν
282 3280 418 3361 κόσμον,
441 3275 510 3340 ἀλλ’
535 3278 564 3341 εί
588 3277 644 3340 διὰ
667 3278 769 3358 λόγου
794 3276 942 3360 δειχθείη
966 3276 1133 3360 μηδένανε

82 3388 185 3466 λόγον
208 3383 366 3467 γενέσεως
388 3382 443 3447 καὶ
468 3389 601 3467 φθοράς
624 3385 716 3466 ἔχων.
753 3391 818 3446 νῦν
839 3379 875 3446 δὲ
893 3382 1093 3449 τούναντίον

82 3493 170 3554 ὅταν
202 3491 221 3572 ἥ
254 3513 288 3553 τε
320 3500 387 3552 τῶν
417 3500 527 3572 μερῶν
557 3488 711 3553 ἁπάντων
738 3490 854 3574 φθορά
881 3488 936 3553 καὶ
963 3489 1093 3572 γένεσις

80 3596 136 3660 καλ
161 3607 227 3659 τῶν
251 3595 417 3679 ὅλοτητων
435 3593 503 3658 κατ’
523 3594 670 3680 άριθμὸν
689 3592 848 3677 ἐξαλλαγὴ
867 3594 977 3660 καὶτὸ
998 3596 1093 3662 ἐναν-

153 3865 175 3911 2.
194 3856 310 3930 χρόνον]
327 3879 431 3928 χρονωι
451 3859 479 3913 M
567 3865 612 3913 14.
632 3843 752 3914 ολὸυἲὸ
837 3863 954 3910 2³25ss
971 3857 1009 3906 ὶευ
1026 3806 1071 3902 ὅσα
1084 3853 1134 3912 QX

71 3929 109 3979 όν
127 3947 173 3980 τιοι
191 3929 225 3979 Μ
315 3936 355 3985 26.
378 3931 464 4006 ἔχων]
484 3952 590 4005 εχοντα
608 3932 641 3987 II
