2394 4208
91 565 199 639 v1111]
360 568 408 622 DE
426 566 683 623 ιπειιοιοτιεει
701 566 823 624 mmm
1035 565 1101 630 303

90 732 301 816 παρεκτροπη
330 731 386 795 διὰ
412 733 474 815 τὴν
501 730 680 796 ἀσθένειαν
707 740 765 814 τῆς
788 740 932 815 φυσικῆς
955 729 1100 813 ἐπιγινο-

91 836 172 921 μέυη
202 838 374 921 δυνάμεως
400 837 647 924 πεπερασμένης
669 838 785 921 οόσης;
823 833 924 902 οὐδὲν
947 838 1010 922 γὰρ
1033 846 1101 900 τῶν

92 946 200 1009 όντων
223 944 303 1009 αὐτὸ
328 942 447 1010 ἑαυτοῦ
471 948 619 1029 φυσικήν
642 968 717 1008 τινα
740 945 886 1027 δύναμιν
909 943 1100 1027 φθαρτικὴν

91 1054 170 1134 ἔχει·
204 1049 361 1116 σωστικαλ
384 1053 447 1137 γὰρ
470 1063 539 1116 τῶν
560 1049 789 1134 ὑποκειμένων
816 1052 850 1114 αλ
878 1048 1018 1134 φυσικαὶ
1041 1050 1099 1113 δυ-

92 1158 207 1239 νάμεις
234 1159 332 1222 εἰσίν·
355 1159 462 1222 πάντα
483 1159 486 1242 λ
508 1159 569 1243 γὰρ
598 1167 657 1222 τοῦ
682 1154 767 1222 εἶναι
792 1156 931 1241 ἐφίεται·
959 1158 1019 1221 τοῦ
1043 1172 1151 1213 tol-1221-

92 1260 119 1326 ⁶⁰
153 1262 374 1346 ὑποκειμένου
407 1264 595 1352 σῳζομένου
629 1262 763 1350 σφ’ζεται
800 1261 855 1327 καί
886 1264 906 1346 ἡ
939 1262 977 1327 έν
1008 1263 1098 1350 αὐτῷ
1126 1289 1139 1329 ο

91 1371 218 1453 φυσικὴ
243 1370 391 1454 δύναμις.
437 1371 467 1434 εί
491 1367 527 1435 δὲ
550 1370 615 1434 ὑπὸ
639 1380 697 1453 της
720 1367 840 1434 ἑαυτοῦ
863 1373 992 1452 κακίας,
1021 1369 1099 1433 ταύ-

90 1477 150 1540 τὸν
174 1473 203 1539 θ’
227 1478 333 1542 εἰπεῖν
356 1486 500 1560 φυσικῆς
523 1476 699 1552 ἀσθενείας
722 1486 788 1540 πᾶν
810 1476 847 1540 τὸ
870 1478 1099 1562 φθειρόμενον

91 1586 282 1668 φθείρεται,
320 1581 485 1667 ἐνδέχεται
522 1584 586 1668 ἄρα
621 1583 680 1646 τὸν
712 1584 837 1665 κόσμον
869 1579 924 1645 καὶ
955 1582 1098 1665 μηδενὸς

91 1687 218 1765 ἔξωθεν
240 1689 417 1774 ἀλλοτρίου
440 1690 709 1774 προσβάλλοντος
733 1691 936 1773 φθείρεσθαι
956 1687 1021 1752 ὑπὸ
1041 1698 1098 1772 τῆς
1112 1714 1138 1754 ιο

91 1793 212 1860 ἑαυτοῦ
235 1799 350 1872 κακίας
373 1798 611 1879 φθειρόμενον,
634 1793 806 1861 τουτέστιν
829 1803 972 1878 φυσικῆς
999 1792 1098 1858 ἀσθε-

91 1905 194 1977 νείας·
226 1901 366 1979 οὐδενὸς
393 1902 455 1986 γάρ
484 1902 575 1966 ε’στιν
602 1905 698 1966 κακία
720 1902 757 1965 τὸ
782 1899 907 1978 ἔξωθεν
931 1900 1034 1964 αὐτοῦ
1058 1899 1099 1964 όν

90 2007 144 2073 καί
173 2007 362 2092 ἀλλότριον·
398 2006 453 2073 καὶ
481 2010 544 2093 γὰρ
572 2009 612 2072 τὰ
640 2006 766 2084 ἔξωθεν
788 2006 1041 2092 προσβόλλοντό
1063 2029 1097 2070 τε

90 2112 144 2178 καὶ
168 2118 355 2199 φθείροντα
378 2123 424 2202 τῷ
447 2116 536 2199 παρὰ
558 2116 664 2199 φύσιν
683 2113 871 2178 διατιθέναι
890 2123 947 2197 τῆς
965 2119 1098 2197 φθορᾶς

92 2220 205 2297 αὐτοῖς
229 2227 317 2285 αίτια
340 2225 481 2304 γίνεται,
510 2227 574 2285 είτε
596 2221 617 2304 ἡ
641 2230 700 2286 τοῦ
723 2220 934 2305 περιέχοντος
961 2220 1098 2305 ἀμετρία
1111 2244 1137 2286 ιε

91 2333 225 2412 φθορᾶς
249 2329 337 2392 αἰτία
359 2331 486 2411 γίνοιτο
511 2334 575 2392 είτε
598 2329 638 2392 τὰ
660 2329 716 2392 διὰ
734 2330 895 2410 στόματος
912 2328 1097 2412 προσφερό-

90 2456 173 2515 μενα
201 2439 266 2498 εἴτε
295 2434 411 2499 ὁτιοῦν
437 2435 527 2498 ἄλλο.
572 2432 635 2498 κόὶν
659 2429 721 2499 οὖν
744 2431 848 2518 μηδὲν
870 2437 1006 2519 προσείη
1030 2443 1098 2497 τῶν

90 2539 226 2622 ἔξωθεν,
256 2540 338 2624 αὐτη
369 2536 407 2604 δὲ
436 2540 456 2623 ιλ
486 2548 546 2605 τοῦ
575 2539 797 2625 ὑποκειμένου
828 2543 953 2624 φυσική
980 2561 1014 2603 τε
1042 2537 1097 2603 καὶ

91 2649 232 2729 σωστικὴ
261 2648 402 2729 δύναμις
430 2644 579 2730 ἐξαρκεῖν
607 2645 640 2723 ἐς
667 2644 718 2710 ἀεὶ
745 2648 801 2710 διὰ
829 2647 865 2710 τὸ
889 2646 1096 2729 πεπεράνθαι

89 2756 132 2838 μὴ
166 2755 321 2836 δύνηται,
354 2752 472 2837 ιἰφίησι
504 2753 624 2817 λοιπὸν
656 2755 703 2830 εἰς
736 2754 873 2837 φθορὰν
900 2752 1032 2817 ὁδεύειν
1058 2753 1095 2817 τὸ
1111 2777 1137 2817 ιο

89 2860 310 2943 ὑποκείμενον
328 2859 469 2947 κάκείνῳ
488 2862 746 2943 συναπόλλυται,
764 2861 873 2946 ὥσπερ
894 2861 1097 2944 κυβερνήτης

90 2977 206 3050 στηναι
225 2965 537 3049 συνκαταόυομένης
555 2976 612 3049 τῆς
631 2967 713 3042 νεὼς
730 2967 774 3050 μὴ
794 2967 994 3050 δυνάμενος,
1013 2965 1097 3030 ἐπει-

90 3074 154 3136 όὰν
186 3073 354 3155 κεκμηκὼς
387 3071 573 3137 ἀπόλλυσιν
604 3075 683 3149 τοὺς
719 3078 846 3155 οίακας,
883 3073 924 3137 οὐ
961 3082 1097 3156 χειμῶνι

88 3177 244 3260 βιασθείς
265 3177 347 3241 ἀλλὰ
369 3179 413 3261 μὴ
433 3177 639 3263 ἐπαρκούσης
657 3178 747 3264 αὐτῷ
765 3188 823 3261 τῆς
845 3179 1016 3262 δυνάμεως
1040 3180 1097 3242 διὰ

89 3286 126 3350 τὸ
160 3287 269 3372 χρόνῳ
301 3293 426 3368 καμεῖν.
480 3285 601 3349 τούτου
638 3287 755 3349 τοίνυν
786 3282 1009 3368 ’ἐληλεγμένου
1042 3283 1097 3350 καὶ
1111 3309 1136 3351 ιι

162 3518 185 3565 1
205 3518 230 3568 2
250 3510 440 3584 ἐπιγενομένη]
460 3531 653 3583 επιγινομενης
675 3512 704 3565 Μ
812 3519 836 3567 3.
856 3513 1044 3584 λφθαρλτικην
1067 3512 1096 3565 Μ

161 3589 185 3637 6.
207 3587 364 3652 λσωζεται.
377 3583 493 3654 ,αυτλιοι
511 3584 540 3637 Μ
654 3589 694 3637 17.
715 3583 828 3637 οοτιόῦν
846 3584 875 3636 Μ
899 3587 946 3653 (cr
965 3587 1006 3652 pt)

89 3656 330 3725 μηδελνπλροσειη
349 3673 399 3708 τον
417 3655 475 3723 Μ(
477 3671 512 3708 cr.
527 3656 569 3723 pt)
660 3660 701 3707 19.
717 3655 872 3725 σωστλιλκη,
886 3671 964 3722 ειη,
979 3656 1008 3707 Μ

89 3729 229 3848 τεπεροηλν
213 3726 309 3795 ν,λθαι
329 3740 409 3792 exo,
428 3661 475 3778 Μ(
529 3729 569 3778 20.
591 3724 629 3795 [λλ
631 3743 721 3793 οιπον,
741 3742 774 3779 ex
793 3746 817 3793 ν,
836 3725 865 3778 Μ
937 3731 979 3778 21
998 3726 1096 3795 κυβερ-

89 3815 166 3864 νιτης
299 3801 340 3848 2⁶2.
360 3795 424 3849 sort.
444 3799 573 3866 σωθῆναι
657 3797 793 3860 τςυεὼς
812 3813 880 3865 οἵῳ,
895 3795 968 3850 mh
963 3814 1000 3848 m
1013 3810 1135 3912 τουτὶ,

86 3885 114 3918 m
138 3873 151 3918 1
181 3883 441 3930 πραιοπακονστεον
448 3886 517 3992 της
545 3887 628 3939 νεως,
801 3875 849 3926 θλ
861 3875 912 3924 23.
931 3862 1047 3923 φειδ
1035 3811 1135 3917 ‹1va

74 3938 118 3998 (er.
136 3936 184 3999 pt)
254 3940 295 3986 24.
316 3937 481 4008 αυτλωιλΜ
557 3947 602 4000 25.
623 3946 702 4020 ελλλ
670 3946 849 4020 ηλλεημενου
864 3941 906 3998 Μ

150 4087 159 4126 1
