2394 4208
79 559 172 613 XVIII
188 562 216 632 8]
346 559 395 614 DE
414 559 671 615 AETERNITA'I'E
689 559 812 614 MVNDI
1025 559 1091 623 635

78 721 133 786 καὶ
166 722 356 805 ἀναγκαίων
388 721 590 800 ἀποδείξεων
613 721 783 806 ’λέγουσιν
818 724 863 801 ὡς
894 725 1001 788 οἰκεῖα
1034 723 1091 806 δῃ-

79 831 192 892 λονότι
215 827 481 912 ἀπαγγέλλουσιν
499 827 554 894 καλ
573 828 635 894 οὐκ
654 828 820 915 ἀλλότρια
856 833 932 895 τίνα
951 826 988 894 δὲ
1006 829 1091 913 ὑμᾶς

78 932 154 1019 περὶ
182 944 248 997 τῶν
277 936 373 999 ίδίων
398 937 576 1019 προγόνων
605 934 726 1000 ἐκείνοι
750 933 914 1019 ἐδίδαξαν,
942 928 994 1013 οἷς
1016 935 1090 1000 ἀπι-

79 1052 171 1105 στεῖν
194 1040 235 1105 ού
258 1038 371 1125 θέμις,
394 1043 565 1106 πιστεύειν
588 1038 776 1126 δὲμᾶλλον
798 1041 984 1119 αὐτοῖςκαὶ
1003 1042 1090 1107 οὕτω

79 1145 227 1225 δοξάζειν
254 1145 329 1232 περὶ
357 1154 450 1211 θεῶν
470 1145 526 1211 καὶ
550 1145 670 1230 λέγειν,
694 1147 799 1224 εὐθὺς
822 1146 987 1232 ἐπήγαγεν
1009 1148 1020 1178 ‘
1049 1174 1089 1232 ης
1116 1174 1129 1215 ε

78 1278 112 1317 τε
136 1253 190 1317 καὶ
216 1253 373 1338 Οὐρανοῦ
396 1254 512 1330 παῖδες
531 1251 688 1330 Ὠκεανός
710 1277 744 1318 τε
768 1252 823 1318 καὶ
846 1257 960 1337 Τῃθὺς
983 1254 1090 1338 ἐγενέ-

79 1367 169 1442 σθῃν
187 1359 241 1425 καὶ
260 1361 300 1424 τά
320 1357 413 1443 ἑξῆς.
445 1359 465 1442 ἢ
486 1354 549 1425 οὖν
566 1359 621 1424 καὶ
641 1368 743 1424 ταῦτα
761 1357 876 1446 ψιλλῶς
895 1362 1009 1445 οὑτως,
1028 1379 1143 1420 tomssbv·

78 1469 123 1543 ὡς
155 1472 295 1551 είρῃται,
328 1465 486 1550 δέχεσθαι
518 1464 574 1530 καὶ
608 1467 779 1531 πιστεύειν
809 1466 894 1550 ὑμᾶς
925 1467 1038 1544 αὐτοῖς
1071 1467 1089 1532 ὑ

78 1575 267 1657 φιλόσοφος
294 1571 434 1649 ἀξιούτω
462 1571 611 1650 καὶτοῖς
635 1574 749 1650 ἀλλοις
772 1574 905 1655 ἅπασιν,
930 1573 992 1639 ὅσα
1014 1575 1090 1637 τού-

76 1706 147 1757 τοις
180 1682 212 1744 οί
242 1678 376 1763 ποιηταὶ
408 1679 605 1757 ἀκολούθως
641 1678 926 1744 ἐπισυνάπτουσιν
958 1717 1000 1726 -
1032 1681 1090 1756 τάς
1103 1706 1130 1746 ιο

78 1787 339 1871 ἀθεμιτογαμίας
376 1790 475 1870 φῃμί,
512 1788 570 1863 τὰς
606 1789 817 1869 καταπόσεις,
854 1789 933 1863 τοὺς
964 1802 1090 1870 σπαρα-

79 1896 193 1978 γμούς,
212 1896 270 1970 τάς
287 1892 357 1958 κατ’
376 1893 528 1977 ἀλλήλων
546 1891 601 1958 καλ
624 1903 691 1956 τῶν
709 1893 892 1976 φυσάντων
910 1891 1090 1958 ἐπαναστά·

78 2019 147 2078 σεις
168 1999 222 2065 καὶ
247 2001 308 2065 ὅσα
332 2002 415 2064 ἀλλα
438 1999 491 2064 ἐπὶ
515 2001 601 2084 λύμῃ
624 2008 684 2063 τοῦ
708 2010 776 2064 τῶν
799 1998 989 2083 ἀνθρώπων
1011 2002 1089 2082 βίον

78 2106 134 2171 ὑπ’
159 2108 269 2171 αὐτῶν
292 2103 490 2190 τιμωμένοις
513 2107 545 2169 ολ
568 2104 702 2188 ποιῃταλ
724 2115 901 2193 προσῆύαν
924 2105 985 2170 ούκ
1013 2102 1090 2171 οίδα

78 2216 221 2295 πότερον
253 2213 386 2295 δαίμοσι
418 2221 579 2295 πονῃρολς
607 2217 687 2276 εἴπω
715 2211 735 2295 ἢ
764 2211 1005 2297 κακοδαίμοσιν
1032 2212 1129 2278 ἀν-ιε

79 2319 230 2402 θρώποις
254 2315 285 2393 ἐξ
310 2316 452 2403 ἀμέτρου
471 2320 587 2394 κακίας
604 2321 832 2403 προσλαβοῦσι
850 2319 888 2383 τὸ
908 2320 1089 2405 γνώριμον,

79 2423 353 2507 συνεπιθεμένων
380 2423 536 2511 δηλονότι
568 2424 623 2488 διὰ
652 2427 838 2507 βασκανίαν
868 2422 915 2489 ἐπ’
945 2424 1089 2514 ἀπωλείῃ

79 2543 146 2595 τῶν
170 2530 359 2615 ἀνθρώπων
382 2541 449 2594 τῶν
472 2540 529 2614 τῆς
551 2534 713 2616 πονηρίας
734 2531 932 2614 πνευμάτων
955 2531 1011 2595 διά
1029 2533 1089 2597 τὸν

80 2637 238 2714 ἑκουσίως
262 2637 375 2713 αύτολς
398 2635 434 2700 ἐκ
457 2646 517 2701 τοῦ
540 2641 645 2701 καλοῦ
668 2639 851 2720 γενόμενον
873 2639 1017 2702 ὄλισθον
1035 2675 1089 2723 -,

79 2746 159 2828 ὅπερ
184 2738 246 2808 οὖν
270 2739 375 2826 εἷπον,
397 2741 418 2825 ἣ
441 2742 497 2808 καὶ
519 2745 651 2820 τούτοις
675 2744 755 2808 ἀνευ
783 2744 890 2828 πάσῃς
919 2741 1089 2830 ἐπεξεργα-
1102 2769 1130 2810 ιο

79 2854 152 2926 σίας
182 2854 339 2914 τίθεσθαι
370 2847 490 2932 λεγέτω
520 2850 580 2913 τὸν
608 2850 773 2913 Πλάτωνα
801 2852 837 2933 ἤ,
868 2856 958 2934 είπερ
985 2859 1089 2915 ταῦτα

78 2958 311 3041 μυθικωτερον
338 2964 377 3041 τῃ
406 2965 473 3020 τῶν
500 2966 648 3038 ποιητῶν
675 2953 731 3019 καὶ
757 2964 797 3040 τῃ
824 2957 897 3020 τότε
922 2958 1088 3042 κρατούσῃ

76 3060 158 3147 δόξῃ
187 3060 346 3144 ἑπόμενος
375 3061 392 3125 ὁ
417 3062 560 3126 Πλάτων
588 3068 730 3147 εἴρηκεν,
758 3068 822 3126 εἴτε
850 3061 888 3126 έν
913 3062 1088 3140 ὑπονοίαις

78 3169 162 3232 αὐτὰ
190 3170 273 3252 πρὸς
302 3179 370 3232 τῶν
398 3178 547 3252 ποιῃτῶν
576 3168 808 3251 ὑπελάμβανεν
838 3170 993 3253 εἰρῆσθαι
1024 3175 1089 3235 είτε

79 3274 178 3359 χωρὶς
201 3275 381 3358 ὑπονοιῶν,
409 3282 455 3362 τῷ
483 3274 572 3362 αύτςό
594 3278 706 3361 τρόπῳ
730 3276 812 3339 κατά
833 3277 871 3339 τὸ
896 3274 1088 3340 ἀκόλουθον
1102 3299 1128 3342 ιι

77 3381 132 3445 καὶ
163 3383 200 3446 τὸ
228 3391 288 3446 τοῦ
317 3388 401 3446 θεοῦ
430 3384 536 3466 ὄνομα
562 3389 609 3469 τῷ
632 3384 746 3468 κόσμῳ
769 3384 937 3466 προσάψω
961 3399 1088 3466 συγχω-

78 3492 176 3572 ρείτω
204 3489 263 3552 τὸν
287 3487 468 3571 Πλάτωνα,
495 3494 560 3552 εἴτε
586 3489 677 3573 παρὰ
704 3488 741 3552 τὸ
773 3487 823 3553 ἀεὶ
855 3495 933 3553 θεῖν
960 3488 1089 3571 ὠνομα-

150 3721 173 3768 6.
194 3714 266 3770 ΡΙαὺ.
285 3713 355 3769 Tim.
375 3715 438 3769 4οΕ
541 3721 566 3769 6.
584 3718 667 3777 τιθυς
686 3715 714 3768 Μ
814 3722 855 3769 12.
875 3715 1025 3784 φυσάντων
1043 3717 1087 3787 pt]

77 3806 174 3854 φυτων
193 3786 223 3838 Μ
296 3792 337 3839 16.
357 3787 527 3858 προλαβουσι
544 3786 575 3839 Μ
592 3788 640 3856 (cr.
659 3790 700 3856 pt)
782 3793 822 3840 17.
841 3790 970 3841 απολειαι
988 3787 1018 3839 Μ

80 3862 120 3909 18.
140 3858 303 3927 π[ο]νῃριας
321 3856 350 3908 Μ
458 3863 500 3911 26.
520 3875 610 3928 ονομα
627 3856 660 3912 'm
676 3873 788 3928 mm„
804 3874 885 3911 εσται,
901 3856 943 3906 'm
957 3851 1120 3911 xmus*

72 3930 152 3992 (aser,
171 3931 256 3996 ζητει)
