<?xml version="1.0" encoding="UTF-8"?>
<!DOCTYPE html PUBLIC "-//W3C//DTD XHTML 1.0 Transitional//EN"
    "http://www.w3.org/TR/xhtml1/DTD/xhtml1-transitional.dtd">
<html xmlns="http://www.w3.org/1999/xhtml" xml:lang="en" lang="en">
 <head>
  <title>
</title>
<meta http-equiv="Content-Type" content="text/html;charset=utf-8" />
  <meta name='ocr-system' content='tesseract 3.04.00' />
  <meta name='ocr-capabilities' content='ocr_page ocr_carea ocr_par ocr_line ocrx_word'/>
</head>
<body>
  <div class='ocr_page' id='page_1' title='image "./ioannesphilopon00philgoog_0402.png"; bbox 0 0 2394 4208; ppageno 0'>
   <div class='ocr_carea' id='block_1_1' title="bbox 82 573 1088 648">
    <p class='ocr_par' dir='ltr' id='par_1_1' title="bbox 82 573 1088 648">
     <span class='ocr_line' id='line_1_1' title="bbox 82 573 1088 648; baseline 0.001 -19"><span class='ocrx_word' id='word_1_1' title='bbox 82 575 109 629; x_wconf 80' lang='lat' dir='ltr'><strong>x</strong></span> <span class='ocrx_word' id='word_1_2' title='bbox 123 576 152 648; x_wconf 76' lang='grc' dir='ltr'><em>ι]</em></span> <span class='ocrx_word' id='word_1_3' title='bbox 349 574 396 629; x_wconf 75' lang='grc' dir='ltr'><em>ομ</em></span> <span class='ocrx_word' id='word_1_4' title='bbox 414 573 672 631; x_wconf 65' lang='lat' dir='ltr'><em>mamm</em></span> <span class='ocrx_word' id='word_1_5' title='bbox 691 574 812 631; x_wconf 72' lang='lat' dir='ltr'><em>mm</em></span> <span class='ocrx_word' id='word_1_6' title='bbox 1023 575 1088 642; x_wconf 81' lang='lat'><em>387</em></span> 
     </span>
    </p>
   </div>
   <div class='ocr_carea' id='block_1_2' title="bbox 78 737 1142 3588">
    <p class='ocr_par' dir='ltr' id='par_1_2' title="bbox 78 737 1142 3588">
     <span class='ocr_line' id='line_1_2' title="bbox 83 737 1090 826; baseline 0 -22"><span class='ocrx_word' id='word_1_7' title='bbox 83 738 214 820; x_wconf 85' lang='grc' dir='ltr'><em>όλότητι</em></span> <span class='ocrx_word' id='word_1_8' title='bbox 243 738 435 823; x_wconf 78' lang='grc' dir='ltr'><strong><em>συνημμένα</em></strong></span> <span class='ocrx_word' id='word_1_9' title='bbox 461 737 542 826; x_wconf 79' lang='grc' dir='ltr'><em>μέρη</em></span> <span class='ocrx_word' id='word_1_10' title='bbox 571 739 632 804; x_wconf 86' lang='grc' dir='ltr'><em>τὸν</em></span> <span class='ocrx_word' id='word_1_11' title='bbox 655 741 780 805; x_wconf 75' lang='grc' dir='ltr'><em>οἰκεῖον</em></span> <span class='ocrx_word' id='word_1_12' title='bbox 802 737 857 805; x_wconf 79' lang='grc' dir='ltr'><em>καὶ</em></span> <span class='ocrx_word' id='word_1_13' title='bbox 881 741 962 805; x_wconf 83' lang='grc' dir='ltr'><em>κατὰ</em></span> <span class='ocrx_word' id='word_1_14' title='bbox 985 740 1090 823; x_wconf 86' lang='grc' dir='ltr'><em>φύσιν</em></span> 
     </span>
     <span class='ocr_line' id='line_1_3' title="bbox 82 843 1090 932; baseline 0.003 -25"><span class='ocrx_word' id='word_1_15' title='bbox 82 843 189 929; x_wconf 79' lang='grc' dir='ltr'><strong><em>ἐπέχει</em></strong></span> <span class='ocrx_word' id='word_1_16' title='bbox 217 846 335 925; x_wconf 73' lang='grc' dir='ltr'><em>τόπους</em></span> <span class='ocrx_word' id='word_1_17' title='bbox 370 844 425 910; x_wconf 83' lang='grc' dir='ltr'><em>καὶ</em></span> <span class='ocrx_word' id='word_1_18' title='bbox 453 846 553 924; x_wconf 83' lang='grc' dir='ltr'><em>αὐτὸς</em></span> <span class='ocrx_word' id='word_1_19' title='bbox 580 847 643 931; x_wconf 75' lang='grc' dir='ltr'><em>γὰρ</em></span> <span class='ocrx_word' id='word_1_20' title='bbox 672 844 709 910; x_wconf 81' lang='grc' dir='ltr'><em>ἐν</em></span> <span class='ocrx_word' id='word_1_21' title='bbox 735 847 867 924; x_wconf 81' lang='grc' dir='ltr'><em>τούτοις</em></span> <span class='ocrx_word' id='word_1_22' title='bbox 894 846 912 912; x_wconf 99' lang='lat'>6</span> <span class='ocrx_word' id='word_1_23' title='bbox 937 848 1090 932; x_wconf 79' lang='grc' dir='ltr'><strong><em>Πρόκλος</em></strong></span> 
     </span>
     <span class='ocr_line' id='line_1_4' title="bbox 83 950 1089 1038; baseline 0.003 -24"><span class='ocrx_word' id='word_1_24' title='bbox 83 950 164 1015; x_wconf 83' lang='grc' dir='ltr'><em>αὐτὸ</em></span> <span class='ocrx_word' id='word_1_25' title='bbox 192 959 291 1015; x_wconf 87' lang='grc' dir='ltr'><em>τοῦτο</em></span> <span class='ocrx_word' id='word_1_26' title='bbox 320 952 417 1029; x_wconf 80' lang='grc' dir='ltr'><em>εἰδὼς</em></span> <span class='ocrx_word' id='word_1_27' title='bbox 444 951 587 1038; x_wconf 80' lang='grc' dir='ltr'><strong><em>ἀκριβῶς</em></strong></span> <span class='ocrx_word' id='word_1_28' title='bbox 615 950 668 1017; x_wconf 78' lang='grc' dir='ltr'><em>ἐπὶ</em></span> <span class='ocrx_word' id='word_1_29' title='bbox 697 951 813 1030; x_wconf 80' lang='grc' dir='ltr'><em>λέξεώς</em></span> <span class='ocrx_word' id='word_1_30' title='bbox 841 970 945 1038; x_wconf 83' lang='grc' dir='ltr'><em>φησιν</em></span> <span class='ocrx_word' id='word_1_31' title='bbox 972 953 1017 1030; x_wconf 83' lang='grc' dir='ltr'><em>ὡς</em></span> <span class='ocrx_word' id='word_1_32' title='bbox 1038 952 1089 1017; x_wconf 83' lang='grc' dir='ltr'><em>ότι</em></span> 
     </span>
     <span class='ocr_line' id='line_1_5' title="bbox 82 1057 1089 1146; baseline 0.001 -25"><span class='ocrx_word' id='word_1_33' title='bbox 82 1057 135 1121; x_wconf 71' lang='grc' dir='ltr'><em>’τά</em></span> <span class='ocrx_word' id='word_1_34' title='bbox 163 1058 242 1143; x_wconf 76' lang='grc' dir='ltr'><em>τῇδε</em></span> <span class='ocrx_word' id='word_1_35' title='bbox 270 1059 465 1142; x_wconf 79' lang='grc' dir='ltr'><em>μεταβάλλει</em></span> <span class='ocrx_word' id='word_1_36' title='bbox 497 1057 534 1123; x_wconf 79' lang='grc' dir='ltr'><em>ἐν</em></span> <span class='ocrx_word' id='word_1_37' title='bbox 562 1061 652 1146; x_wconf 85' lang='grc' dir='ltr'><em>τόπῳ</em></span> <span class='ocrx_word' id='word_1_38' title='bbox 682 1058 844 1146; x_wconf 78' lang='grc' dir='ltr'><em>ἀλλοτρίῳ</em></span> <span class='ocrx_word' id='word_1_39' title='bbox 875 1060 983 1124; x_wconf 83' lang='grc' dir='ltr'><em>όντων</em></span> <span class='ocrx_word' id='word_1_40' title='bbox 1011 1069 1089 1142; x_wconf 86' lang='grc' dir='ltr'><em>τῶν,</em></span> 
     </span>
     <span class='ocr_line' id='line_1_6' title="bbox 82 1157 1129 1248; baseline 0.005 -21"><span class='ocrx_word' id='word_1_41' title='bbox 82 1160 115 1241; x_wconf 77' lang='grc' dir='ltr'><em>ἐξ</em></span> <span class='ocrx_word' id='word_1_42' title='bbox 139 1157 188 1228; x_wconf 82' lang='grc' dir='ltr'><em>ὧν</em></span> <span class='ocrx_word' id='word_1_43' title='bbox 212 1162 311 1248; x_wconf 81' lang='grc' dir='ltr'><em>ἐστιν,</em></span> <span class='ocrx_word' id='word_1_44' title='bbox 334 1163 390 1229; x_wconf 79' lang='grc' dir='ltr'><em>καὶ</em></span> <span class='ocrx_word' id='word_1_45' title='bbox 413 1166 473 1230; x_wconf 89' lang='grc' dir='ltr'><em>τὸν</em></span> <span class='ocrx_word' id='word_1_46' title='bbox 496 1167 621 1231; x_wconf 75' lang='grc' dir='ltr'><em>οἰκεῖον</em></span> <span class='ocrx_word' id='word_1_47' title='bbox 643 1167 842 1248; x_wconf 79' lang='grc' dir='ltr'><em>καταλαβεῖν</em></span> <span class='ocrx_word' id='word_1_48' title='bbox 864 1165 1089 1230; x_wconf 64' lang='grc' dir='ltr'><em>σπευδόντων</em></span> <span class='ocrx_word' id='word_1_49' title='bbox 1116 1190 1129 1232; x_wconf 80' lang='grc' dir='ltr'><em>τ</em></span> 
     </span>
     <span class='ocr_line' id='line_1_7' title="bbox 81 1268 1088 1359; baseline 0.001 -25"><span class='ocrx_word' id='word_1_50' title='bbox 81 1268 137 1335; x_wconf 79' lang='grc' dir='ltr'><em>καὶ</em></span> <span class='ocrx_word' id='word_1_51' title='bbox 161 1269 211 1335; x_wconf 82' lang='grc' dir='ltr'><em>ὅτι</em></span> <span class='ocrx_word' id='word_1_52' title='bbox 235 1270 320 1336; x_wconf 65' lang='grc' dir='ltr'><em>“τότε</em></span> <span class='ocrx_word' id='word_1_53' title='bbox 344 1270 391 1336; x_wconf 79' lang='grc' dir='ltr'><em>ἐιί</em></span> <span class='ocrx_word' id='word_1_54' title='bbox 415 1272 502 1337; x_wconf 77' lang='grc' dir='ltr'><em>εὐθὺ</em></span> <span class='ocrx_word' id='word_1_55' title='bbox 521 1283 676 1356; x_wconf 85' lang='grc' dir='ltr'><em>κινεῖται,</em></span> <span class='ocrx_word' id='word_1_56' title='bbox 697 1272 776 1336; x_wconf 86' lang='grc' dir='ltr'><em>ὅταν</em></span> <span class='ocrx_word' id='word_1_57' title='bbox 794 1273 838 1355; x_wconf 75' lang='grc' dir='ltr'><em>μὴ</em></span> <span class='ocrx_word' id='word_1_58' title='bbox 859 1270 895 1336; x_wconf 80' lang='grc' dir='ltr'><em>ἐν</em></span> <span class='ocrx_word' id='word_1_59' title='bbox 913 1279 959 1359; x_wconf 78' lang='grc' dir='ltr'><em>τῳ</em></span> <span class='ocrx_word' id='word_1_60' title='bbox 978 1273 1088 1359; x_wconf 77' lang='grc' dir='ltr'><em>οἰκείῳ</em></span> 
     </span>
     <span class='ocr_line' id='line_1_8' title="bbox 81 1370 1089 1465; baseline 0.003 -25"><span class='ocrx_word' id='word_1_61' title='bbox 81 1378 171 1465; x_wconf 89' lang='grc' dir='ltr'><em>τόπῳ</em></span> <span class='ocrx_word' id='word_1_62' title='bbox 199 1370 220 1461; x_wconf 77' lang='grc' dir='ltr'><em>ᾗ</em></span> <span class='ocrx_word' id='word_1_63' title='bbox 248 1379 436 1443; x_wconf 76' lang='grc' dir='ltr'><em>σπεύδοντα</em></span> <span class='ocrx_word' id='word_1_64' title='bbox 464 1380 511 1456; x_wconf 81' lang='grc' dir='ltr'><em>είς</em></span> <span class='ocrx_word' id='word_1_65' title='bbox 539 1377 668 1444; x_wconf 80' lang='grc' dir='ltr'><em>ἐκεῖνον</em></span> <span class='ocrx_word' id='word_1_66' title='bbox 696 1376 822 1442; x_wconf 59' lang='grc' dir='ltr'><em>ἐλθεῖν</em></span> <span class='ocrx_word' id='word_1_67' title='bbox 845 1375 900 1442; x_wconf 79' lang='grc' dir='ltr'><em>καὶ</em></span> <span class='ocrx_word' id='word_1_68' title='bbox 923 1377 974 1443; x_wconf 85' lang='grc' dir='ltr'><em>ότι</em></span> <span class='ocrx_word' id='word_1_69' title='bbox 997 1377 1089 1443; x_wconf 67' lang='grc' dir='ltr'><em>“πάν</em></span> 
     </span>
     <span class='ocr_line' id='line_1_9' title="bbox 82 1481 1090 1571; baseline 0.001 -24"><span class='ocrx_word' id='word_1_70' title='bbox 82 1507 146 1559; x_wconf 86' lang='grc' dir='ltr'><em>τιος</em></span> <span class='ocrx_word' id='word_1_71' title='bbox 170 1482 207 1548; x_wconf 83' lang='grc' dir='ltr'><em>ἐν</em></span> <span class='ocrx_word' id='word_1_72' title='bbox 229 1486 318 1571; x_wconf 92' lang='grc' dir='ltr'><em>τόπῳ</em></span> <span class='ocrx_word' id='word_1_73' title='bbox 342 1483 433 1550; x_wconf 80' lang='grc' dir='ltr'><em>ἐστίν</em></span> <span class='ocrx_word' id='word_1_74' title='bbox 455 1486 589 1569; x_wconf 83' lang='grc' dir='ltr'><em>σώματα</em></span> <span class='ocrx_word' id='word_1_75' title='bbox 612 1483 703 1550; x_wconf 87' lang='grc' dir='ltr'><em>όντα’</em></span> <span class='ocrx_word' id='word_1_76' title='bbox 726 1481 782 1548; x_wconf 80' lang='grc' dir='ltr'><em>καὶ</em></span> <span class='ocrx_word' id='word_1_77' title='bbox 806 1483 857 1548; x_wconf 87' lang='grc' dir='ltr'><em>ότι</em></span> <span class='ocrx_word' id='word_1_78' title='bbox 876 1483 979 1570; x_wconf 59' lang='grc' dir='ltr'><em>εείπερ</em></span> <span class='ocrx_word' id='word_1_79' title='bbox 999 1486 1090 1549; x_wconf 83' lang='grc' dir='ltr'><em>ἔστιν</em></span> 
     </span>
     <span class='ocr_line' id='line_1_10' title="bbox 83 1587 1142 1679; baseline 0.001 -26"><span class='ocrx_word' id='word_1_80' title='bbox 83 1612 133 1666; x_wconf 91' lang='grc' dir='ltr'><em>τις</em></span> <span class='ocrx_word' id='word_1_81' title='bbox 156 1592 244 1677; x_wconf 85' lang='grc' dir='ltr'><em>παρὰ</em></span> <span class='ocrx_word' id='word_1_82' title='bbox 262 1593 368 1675; x_wconf 84' lang='grc' dir='ltr'><em>φύσιν</em></span> <span class='ocrx_word' id='word_1_83' title='bbox 385 1595 485 1669; x_wconf 84' lang='grc' dir='ltr'><em>τόπος</em></span> <span class='ocrx_word' id='word_1_84' title='bbox 503 1596 580 1675; x_wconf 90' lang='grc' dir='ltr'><em>τινί,</em></span> <span class='ocrx_word' id='word_1_85' title='bbox 598 1595 710 1679; x_wconf 77' lang='grc' dir='ltr'><em>πολλῷ</em></span> <span class='ocrx_word' id='word_1_86' title='bbox 729 1587 901 1678; x_wconf 86' lang='grc' dir='ltr'><em>πρόΙτερόν</em></span> <span class='ocrx_word' id='word_1_87' title='bbox 920 1589 1011 1654; x_wconf 79' lang='grc' dir='ltr'><em>ἐστιν</em></span> <span class='ocrx_word' id='word_1_88' title='bbox 1028 1606 1069 1648; x_wconf 73' lang='lat'><em>101.</em></span> <span class='ocrx_word' id='word_1_89' title='bbox 1076 1608 1142 1648; x_wconf 67' lang='lat'>1⁶³*-</span> 
     </span>
     <span class='ocr_line' id='line_1_11' title="bbox 81 1695 1129 1784; baseline 0.002 -24"><span class='ocrx_word' id='word_1_90' title='bbox 81 1697 188 1784; x_wconf 86' lang='grc' dir='ltr'><em>τούτῳ</em></span> <span class='ocrx_word' id='word_1_91' title='bbox 211 1695 265 1762; x_wconf 81' lang='grc' dir='ltr'><em>καὶ</em></span> <span class='ocrx_word' id='word_1_92' title='bbox 290 1697 308 1762; x_wconf 94' lang='lat'>6</span> <span class='ocrx_word' id='word_1_93' title='bbox 326 1700 408 1763; x_wconf 82' lang='grc' dir='ltr'><em>κατὰ</em></span> <span class='ocrx_word' id='word_1_94' title='bbox 427 1699 545 1783; x_wconf 81' lang='grc' dir='ltr'><em>φύσιν·</em></span> <span class='ocrx_word' id='word_1_95' title='bbox 568 1698 605 1763; x_wconf 89' lang='grc' dir='ltr'><em>τὸ</em></span> <span class='ocrx_word' id='word_1_96' title='bbox 625 1699 687 1784; x_wconf 82' lang='grc' dir='ltr'><em>γὰρ</em></span> <span class='ocrx_word' id='word_1_97' title='bbox 706 1698 795 1782; x_wconf 79' lang='grc' dir='ltr'><em>παρὰ</em></span> <span class='ocrx_word' id='word_1_98' title='bbox 814 1697 920 1781; x_wconf 85' lang='grc' dir='ltr'><em>φύσιν</em></span> <span class='ocrx_word' id='word_1_99' title='bbox 939 1699 1088 1774; x_wconf 80' lang='grc' dir='ltr'><em>ἔκστασίς</em></span> <span class='ocrx_word' id='word_1_100' title='bbox 1103 1723 1129 1763; x_wconf 79' lang='grc' dir='ltr'><em>ιο</em></span> 
     </span>
     <span class='ocr_line' id='line_1_12' title="bbox 82 1800 1088 1889; baseline 0 -22"><span class='ocrx_word' id='word_1_101' title='bbox 82 1802 173 1868; x_wconf 79' lang='grc' dir='ltr'><em>ἐστιν</em></span> <span class='ocrx_word' id='word_1_102' title='bbox 200 1814 258 1888; x_wconf 82' lang='grc' dir='ltr'><em>τῆς</em></span> <span class='ocrx_word' id='word_1_103' title='bbox 285 1806 432 1888; x_wconf 81' lang='grc' dir='ltr'><em>φύσεως,</em></span> <span class='ocrx_word' id='word_1_104' title='bbox 459 1800 499 1888; x_wconf 76' lang='grc' dir='ltr'><em>ἧς</em></span> <span class='ocrx_word' id='word_1_105' title='bbox 527 1803 603 1889; x_wconf 80' lang='grc' dir='ltr'><em>μηδ’</em></span> <span class='ocrx_word' id='word_1_106' title='bbox 632 1805 716 1881; x_wconf 83' lang='grc' dir='ltr'><em>ὅλως</em></span> <span class='ocrx_word' id='word_1_107' title='bbox 746 1805 848 1888; x_wconf 77' lang='grc' dir='ltr'><em>οὔσης</em></span> <span class='ocrx_word' id='word_1_108' title='bbox 878 1801 950 1869; x_wconf 75' lang='grc' dir='ltr'><em>οὐδ’</em></span> <span class='ocrx_word' id='word_1_109' title='bbox 980 1801 1022 1867; x_wconf 86' lang='grc' dir='ltr'><em>ἀν</em></span> <span class='ocrx_word' id='word_1_110' title='bbox 1050 1804 1088 1868; x_wconf 89' lang='grc' dir='ltr'><em>τὸ</em></span> 
     </span>
     <span class='ocr_line' id='line_1_13' title="bbox 80 1909 1090 1998; baseline 0.001 -26"><span class='ocrx_word' id='word_1_111' title='bbox 80 1910 171 1994; x_wconf 80' lang='grc' dir='ltr'><em>παρὰ</em></span> <span class='ocrx_word' id='word_1_112' title='bbox 189 1911 294 1994; x_wconf 82' lang='grc' dir='ltr'><em>φύσιν</em></span> <span class='ocrx_word' id='word_1_113' title='bbox 312 1915 376 1995; x_wconf 78' lang='grc' dir='ltr'><em>εἴη·</em></span> <span class='ocrx_word' id='word_1_114' title='bbox 399 1912 436 1976; x_wconf 90' lang='grc' dir='ltr'><em>τὸ</em></span> <span class='ocrx_word' id='word_1_115' title='bbox 456 1913 518 1997; x_wconf 81' lang='grc' dir='ltr'><em>γὰρ</em></span> <span class='ocrx_word' id='word_1_116' title='bbox 537 1909 613 1998; x_wconf 89' lang='grc' dir='ltr'><em>παρ’</em></span> <span class='ocrx_word' id='word_1_117' title='bbox 632 1910 748 1976; x_wconf 82' lang='grc' dir='ltr'><em>ὁτιοῦν</em></span> <span class='ocrx_word' id='word_1_118' title='bbox 767 1911 829 1994; x_wconf 77' lang='grc' dir='ltr'><em>ἀν’,</em></span> <span class='ocrx_word' id='word_1_119' title='bbox 847 1913 962 1994; x_wconf 83' lang='grc' dir='ltr'><em>φησίν,</em></span> <span class='ocrx_word' id='word_1_120' title='bbox 980 1909 1090 1987; x_wconf 60' lang='lat' dir='ltr'><em>‘amos</em></span> 
     </span>
     <span class='ocr_line' id='line_1_14' title="bbox 82 2011 1090 2100; baseline -0.001 -20"><span class='ocrx_word' id='word_1_121' title='bbox 82 2014 212 2081; x_wconf 80' lang='grc' dir='ltr'><em>ἐκείνου</em></span> <span class='ocrx_word' id='word_1_122' title='bbox 242 2023 290 2100; x_wconf 73' lang='grc' dir='ltr'><em>εἴη</em></span> <span class='ocrx_word' id='word_1_123' title='bbox 320 2017 382 2081; x_wconf 85' lang='grc' dir='ltr'><em>ἀν’.</em></span> <span class='ocrx_word' id='word_1_124' title='bbox 429 2017 457 2082; x_wconf 83' lang='grc' dir='ltr'><em>εἰ</em></span> <span class='ocrx_word' id='word_1_125' title='bbox 485 2011 548 2083; x_wconf 88' lang='grc' dir='ltr'><em>οὖν</em></span> <span class='ocrx_word' id='word_1_126' title='bbox 575 2018 615 2080; x_wconf 82' lang='grc' dir='ltr'><em>τὰ</em></span> <span class='ocrx_word' id='word_1_127' title='bbox 642 2015 711 2081; x_wconf 93' lang='grc' dir='ltr'><em>κατ’</em></span> <span class='ocrx_word' id='word_1_128' title='bbox 741 2017 880 2081; x_wconf 73' lang='grc' dir='ltr'><em>εὐθεῖαν</em></span> <span class='ocrx_word' id='word_1_129' title='bbox 908 2016 1090 2099; x_wconf 86' lang='grc' dir='ltr'><em>κινούμενα</em></span> 
     </span>
     <span class='ocr_line' id='line_1_15' title="bbox 79 2120 1089 2208; baseline 0 -22"><span class='ocrx_word' id='word_1_130' title='bbox 79 2124 189 2186; x_wconf 83' lang='grc' dir='ltr'><em>πάντα</em></span> <span class='ocrx_word' id='word_1_131' title='bbox 215 2122 235 2206; x_wconf 75' lang='grc' dir='ltr'><em>ἢ</em></span> <span class='ocrx_word' id='word_1_132' title='bbox 262 2122 344 2208; x_wconf 85' lang='grc' dir='ltr'><em>με’ρη</em></span> <span class='ocrx_word' id='word_1_133' title='bbox 373 2122 465 2187; x_wconf 81' lang='grc' dir='ltr'><em>ἐστὶν</em></span> <span class='ocrx_word' id='word_1_134' title='bbox 491 2134 559 2187; x_wconf 84' lang='grc' dir='ltr'><em>τῶν</em></span> <span class='ocrx_word' id='word_1_135' title='bbox 586 2127 758 2207; x_wconf 82' lang='grc' dir='ltr'><em>στοιχείων</em></span> <span class='ocrx_word' id='word_1_136' title='bbox 785 2121 805 2206; x_wconf 78' lang='grc' dir='ltr'><em>ἢ</em></span> <span class='ocrx_word' id='word_1_137' title='bbox 834 2123 875 2187; x_wconf 86' lang='grc' dir='ltr'><em>τά</em></span> <span class='ocrx_word' id='word_1_138' title='bbox 902 2120 938 2185; x_wconf 79' lang='grc' dir='ltr'><em>ἐκ</em></span> <span class='ocrx_word' id='word_1_139' title='bbox 960 2122 1089 2186; x_wconf 86' lang='grc' dir='ltr'><em>τούτων</em></span> 
     </span>
     <span class='ocr_line' id='line_1_16' title="bbox 79 2215 1129 2316; baseline 0.003 -24"><span class='ocrx_word' id='word_1_140' title='bbox 79 2232 294 2312; x_wconf 73' lang='grc' dir='ltr'><em>συγκείμενοι,</em></span> <span class='ocrx_word' id='word_1_141' title='bbox 317 2238 420 2294; x_wconf 87' lang='grc' dir='ltr'><em>ταῦτα</em></span> <span class='ocrx_word' id='word_1_142' title='bbox 443 2225 480 2294; x_wconf 73' lang='grc' dir='ltr'><em>δὲ</em></span> <span class='ocrx_word' id='word_1_143' title='bbox 503 2229 540 2294; x_wconf 83' lang='grc' dir='ltr'><em>ἐν</em></span> <span class='ocrx_word' id='word_1_144' title='bbox 562 2228 724 2316; x_wconf 76' lang='grc' dir='ltr'><em>ἀλλοτρίῳ</em></span> <span class='ocrx_word' id='word_1_145' title='bbox 749 2226 839 2294; x_wconf 76' lang='grc' dir='ltr'><em>ἐστίν</em></span> <span class='ocrx_word' id='word_1_146' title='bbox 860 2231 966 2316; x_wconf 88' lang='grc' dir='ltr'><em>τόπῳ,</em></span> <span class='ocrx_word' id='word_1_147' title='bbox 988 2229 1029 2292; x_wconf 86' lang='grc' dir='ltr'><em>τά</em></span> <span class='ocrx_word' id='word_1_148' title='bbox 1051 2215 1088 2292; x_wconf 77' lang='lat'><em>66</em></span> <span class='ocrx_word' id='word_1_149' title='bbox 1102 2252 1129 2295; x_wconf 81' lang='grc' dir='ltr'><em>ιο</em></span> 
     </span>
     <span class='ocr_line' id='line_1_17' title="bbox 81 2332 1088 2423; baseline -0.001 -24"><span class='ocrx_word' id='word_1_150' title='bbox 81 2333 118 2399; x_wconf 80' lang='grc' dir='ltr'><em>ἐν</em></span> <span class='ocrx_word' id='word_1_151' title='bbox 151 2333 313 2423; x_wconf 76' lang='grc' dir='ltr'><em>ἀλλοτρίῳ</em></span> <span class='ocrx_word' id='word_1_152' title='bbox 345 2338 435 2423; x_wconf 83' lang='grc' dir='ltr'><em>τόπῳ</em></span> <span class='ocrx_word' id='word_1_153' title='bbox 471 2337 553 2401; x_wconf 82' lang='grc' dir='ltr'><em>ὄντα</em></span> <span class='ocrx_word' id='word_1_154' title='bbox 588 2334 746 2401; x_wconf 77' lang='grc' dir='ltr'><em>ἐκστάντα</em></span> <span class='ocrx_word' id='word_1_155' title='bbox 781 2344 842 2400; x_wconf 89' lang='grc' dir='ltr'><em>τοῦ</em></span> <span class='ocrx_word' id='word_1_156' title='bbox 874 2336 1000 2400; x_wconf 75' lang='grc' dir='ltr'><em>οἰκείου</em></span> <span class='ocrx_word' id='word_1_157' title='bbox 1032 2332 1088 2399; x_wconf 81' lang='grc' dir='ltr'><em>καὶ</em></span> 
     </span>
     <span class='ocr_line' id='line_1_18' title="bbox 79 2440 1088 2530; baseline 0 -25"><span class='ocrx_word' id='word_1_158' title='bbox 79 2442 163 2505; x_wconf 76' lang='grc' dir='ltr'><em>κατὰ</em></span> <span class='ocrx_word' id='word_1_159' title='bbox 186 2443 292 2525; x_wconf 83' lang='grc' dir='ltr'><em>φύσιν</em></span> <span class='ocrx_word' id='word_1_160' title='bbox 314 2444 418 2506; x_wconf 90' lang='grc' dir='ltr'><em>τόπου</em></span> <span class='ocrx_word' id='word_1_161' title='bbox 442 2441 479 2507; x_wconf 77' lang='grc' dir='ltr'><em>όν</em></span> <span class='ocrx_word' id='word_1_162' title='bbox 501 2449 548 2529; x_wconf 77' lang='grc' dir='ltr'><em>τῳ</em></span> <span class='ocrx_word' id='word_1_163' title='bbox 566 2440 727 2530; x_wconf 88' lang='grc' dir='ltr'><em>ἀλλοτρίῳ</em></span> <span class='ocrx_word' id='word_1_164' title='bbox 747 2440 895 2525; x_wconf 81' lang='grc' dir='ltr'><em>γέγονεν,</em></span> <span class='ocrx_word' id='word_1_165' title='bbox 915 2444 1007 2506; x_wconf 80' lang='grc' dir='ltr'><em>ἔστιν</em></span> <span class='ocrx_word' id='word_1_166' title='bbox 1025 2442 1088 2525; x_wconf 85' lang='grc' dir='ltr'><em>ἀρα</em></span> 
     </span>
     <span class='ocr_line' id='line_1_19' title="bbox 80 2545 1088 2634; baseline 0 -23"><span class='ocrx_word' id='word_1_167' title='bbox 80 2546 136 2612; x_wconf 84' lang='grc' dir='ltr'><em>καλ</em></span> <span class='ocrx_word' id='word_1_168' title='bbox 164 2558 234 2625; x_wconf 89' lang='grc' dir='ltr'><em>τοῖς</em></span> <span class='ocrx_word' id='word_1_169' title='bbox 260 2547 395 2634; x_wconf 78' lang='grc' dir='ltr'><em>μέρεσιν</em></span> <span class='ocrx_word' id='word_1_170' title='bbox 421 2559 489 2613; x_wconf 87' lang='grc' dir='ltr'><em>τῶν</em></span> <span class='ocrx_word' id='word_1_171' title='bbox 516 2553 689 2633; x_wconf 80' lang='grc' dir='ltr'><em>στοιχείων</em></span> <span class='ocrx_word' id='word_1_172' title='bbox 712 2550 835 2626; x_wconf 80' lang='grc' dir='ltr'><em>οἰκεῖός</em></span> <span class='ocrx_word' id='word_1_173' title='bbox 857 2571 906 2625; x_wconf 91' lang='grc' dir='ltr'><em>τις</em></span> <span class='ocrx_word' id='word_1_174' title='bbox 928 2545 984 2612; x_wconf 81' lang='grc' dir='ltr'><em>καὶ</em></span> <span class='ocrx_word' id='word_1_175' title='bbox 1007 2549 1088 2611; x_wconf 84' lang='grc' dir='ltr'><em>κατὰ</em></span> 
     </span>
     <span class='ocr_line' id='line_1_20' title="bbox 81 2649 1086 2741; baseline -0.002 -22"><span class='ocrx_word' id='word_1_176' title='bbox 81 2656 188 2738; x_wconf 83' lang='grc' dir='ltr'><em>φύσιν</em></span> <span class='ocrx_word' id='word_1_177' title='bbox 214 2657 323 2731; x_wconf 92' lang='grc' dir='ltr'><em>τόπος.</em></span> <span class='ocrx_word' id='word_1_178' title='bbox 368 2655 469 2719; x_wconf 80' lang='grc' dir='ltr'><em>πάλιν</em></span> <span class='ocrx_word' id='word_1_179' title='bbox 496 2652 525 2718; x_wconf 87' lang='lat'>6’</span> <span class='ocrx_word' id='word_1_180' title='bbox 554 2649 596 2718; x_wconf 88' lang='grc' dir='ltr'><em>αὖ</em></span> <span class='ocrx_word' id='word_1_181' title='bbox 624 2656 653 2719; x_wconf 84' lang='grc' dir='ltr'><em>ελ</em></span> <span class='ocrx_word' id='word_1_182' title='bbox 680 2655 721 2718; x_wconf 86' lang='grc' dir='ltr'><em>τά</em></span> <span class='ocrx_word' id='word_1_183' title='bbox 749 2652 785 2718; x_wconf 80' lang='grc' dir='ltr'><em>ἐν</em></span> <span class='ocrx_word' id='word_1_184' title='bbox 812 2652 974 2741; x_wconf 89' lang='grc' dir='ltr'><em>ἀλλοτρίῳ</em></span> <span class='ocrx_word' id='word_1_185' title='bbox 997 2655 1086 2741; x_wconf 92' lang='grc' dir='ltr'><em>τόπῳ</em></span> 
     </span>
     <span class='ocr_line' id='line_1_21' title="bbox 79 2758 1128 2845; baseline 0.001 -20"><span class='ocrx_word' id='word_1_186' title='bbox 79 2761 162 2826; x_wconf 81' lang='grc' dir='ltr'><em>ὄντα</em></span> <span class='ocrx_word' id='word_1_187' title='bbox 189 2758 236 2824; x_wconf 81' lang='grc' dir='ltr'><em>ίιί</em></span> <span class='ocrx_word' id='word_1_188' title='bbox 266 2760 353 2825; x_wconf 72' lang='grc' dir='ltr'><em>εὐθὺ</em></span> <span class='ocrx_word' id='word_1_189' title='bbox 380 2770 519 2825; x_wconf 87' lang='grc' dir='ltr'><em>κινεῖται</em></span> <span class='ocrx_word' id='word_1_190' title='bbox 546 2761 735 2824; x_wconf 77' lang='grc' dir='ltr'><em>σπεύδοντα</em></span> <span class='ocrx_word' id='word_1_191' title='bbox 764 2758 799 2824; x_wconf 80' lang='grc' dir='ltr'><em>ἐκ</em></span> <span class='ocrx_word' id='word_1_192' title='bbox 826 2767 886 2823; x_wconf 89' lang='grc' dir='ltr'><em>τοῦ</em></span> <span class='ocrx_word' id='word_1_193' title='bbox 910 2758 1087 2845; x_wconf 86' lang='grc' dir='ltr'><em>ἀλλοτρίου</em></span> <span class='ocrx_word' id='word_1_194' title='bbox 1100 2785 1128 2826; x_wconf 75' lang='grc' dir='ltr'><em>ιο</em></span> 
     </span>
     <span class='ocr_line' id='line_1_22' title="bbox 82 2862 1087 2951; baseline -0.001 -20"><span class='ocrx_word' id='word_1_195' title='bbox 82 2865 135 2931; x_wconf 80' lang='grc' dir='ltr'><em>ἐπὶ</em></span> <span class='ocrx_word' id='word_1_196' title='bbox 158 2867 218 2931; x_wconf 83' lang='grc' dir='ltr'><em>τόν</em></span> <span class='ocrx_word' id='word_1_197' title='bbox 241 2867 366 2931; x_wconf 75' lang='grc' dir='ltr'><em>οἰκεῖον</em></span> <span class='ocrx_word' id='word_1_198' title='bbox 390 2864 504 2930; x_wconf 80' lang='grc' dir='ltr'><em>ἐλθεῖν</em></span> <span class='ocrx_word' id='word_1_199' title='bbox 525 2868 640 2948; x_wconf 88' lang='grc' dir='ltr'><em>τόπον,</em></span> <span class='ocrx_word' id='word_1_200' title='bbox 662 2866 699 2929; x_wconf 90' lang='grc' dir='ltr'><em>τὸ</em></span> <span class='ocrx_word' id='word_1_201' title='bbox 723 2862 785 2949; x_wconf 74' lang='grc' dir='ltr'><em>μὲν</em></span> <span class='ocrx_word' id='word_1_202' title='bbox 806 2873 874 2951; x_wconf 86' lang='grc' dir='ltr'><em>πῦρ</em></span> <span class='ocrx_word' id='word_1_203' title='bbox 898 2866 982 2948; x_wconf 85' lang='grc' dir='ltr'><em>ἀνω,</em></span> <span class='ocrx_word' id='word_1_204' title='bbox 1004 2865 1025 2949; x_wconf 80' lang='grc' dir='ltr'><strong><em>ἡ</em></strong></span> <span class='ocrx_word' id='word_1_205' title='bbox 1050 2862 1087 2931; x_wconf 73' lang='grc' dir='ltr'><em>δὲ</em></span> 
     </span>
     <span class='ocr_line' id='line_1_23' title="bbox 80 2967 1086 3057; baseline 0 -21"><span class='ocrx_word' id='word_1_206' title='bbox 80 2982 122 3055; x_wconf 78' lang='grc' dir='ltr'><em>γῆ</em></span> <span class='ocrx_word' id='word_1_207' title='bbox 146 2973 248 3055; x_wconf 85' lang='grc' dir='ltr'><em>κάτω,</em></span> <span class='ocrx_word' id='word_1_208' title='bbox 272 2971 407 3036; x_wconf 76' lang='grc' dir='ltr'><em>σπεύδει</em></span> <span class='ocrx_word' id='word_1_209' title='bbox 431 2967 468 3035; x_wconf 75' lang='grc' dir='ltr'><em>δὲ</em></span> <span class='ocrx_word' id='word_1_210' title='bbox 487 2969 540 3035; x_wconf 82' lang='grc' dir='ltr'><em>ἐπὶ</em></span> <span class='ocrx_word' id='word_1_211' title='bbox 559 2973 620 3054; x_wconf 82' lang='grc' dir='ltr'><em>τὴν</em></span> <span class='ocrx_word' id='word_1_212' title='bbox 639 2968 759 3035; x_wconf 81' lang='grc' dir='ltr'><em>ἑαυτοῦ</em></span> <span class='ocrx_word' id='word_1_213' title='bbox 779 2970 919 3054; x_wconf 80' lang='grc' dir='ltr'><em>όλότητα</em></span> <span class='ocrx_word' id='word_1_214' title='bbox 936 2969 1086 3057; x_wconf 75' lang='grc' dir='ltr'><em>ἕκαστον,</em></span> 
     </span>
     <span class='ocr_line' id='line_1_24' title="bbox 80 3075 1086 3164; baseline 0 -22"><span class='ocrx_word' id='word_1_215' title='bbox 80 3079 117 3142; x_wconf 88' lang='grc' dir='ltr'><em>τὸ</em></span> <span class='ocrx_word' id='word_1_216' title='bbox 142 3081 206 3164; x_wconf 85' lang='grc' dir='ltr'><em>ἀρα</em></span> <span class='ocrx_word' id='word_1_217' title='bbox 229 3076 266 3141; x_wconf 80' lang='grc' dir='ltr'><em>ἐν</em></span> <span class='ocrx_word' id='word_1_218' title='bbox 288 3087 327 3163; x_wconf 75' lang='grc' dir='ltr'><em>τῇ</em></span> <span class='ocrx_word' id='word_1_219' title='bbox 351 3075 471 3142; x_wconf 88' lang='grc' dir='ltr'><em>ἑαυτοῦ</em></span> <span class='ocrx_word' id='word_1_220' title='bbox 494 3076 625 3160; x_wconf 83' lang='grc' dir='ltr'><em>όλότητι</em></span> <span class='ocrx_word' id='word_1_221' title='bbox 649 3075 690 3141; x_wconf 88' lang='grc' dir='ltr'><em>όν</em></span> <span class='ocrx_word' id='word_1_222' title='bbox 711 3075 766 3142; x_wconf 79' lang='grc' dir='ltr'><em>καὶ</em></span> <span class='ocrx_word' id='word_1_223' title='bbox 790 3076 827 3142; x_wconf 82' lang='grc' dir='ltr'><em>ἐν</em></span> <span class='ocrx_word' id='word_1_224' title='bbox 849 3085 895 3164; x_wconf 74' lang='grc' dir='ltr'><em>τῷ</em></span> <span class='ocrx_word' id='word_1_225' title='bbox 918 3078 1001 3142; x_wconf 78' lang='grc' dir='ltr'><em>κατὰ</em></span> <span class='ocrx_word' id='word_1_226' title='bbox 1022 3079 1086 3162; x_wconf 84' lang='grc' dir='ltr'><em>φό-</em></span> 
     </span>
     <span class='ocr_line' id='line_1_25' title="bbox 82 3177 1085 3270; baseline -0.001 -21"><span class='ocrx_word' id='word_1_227' title='bbox 82 3202 138 3249; x_wconf 94' lang='grc' dir='ltr'><em>σιν</em></span> <span class='ocrx_word' id='word_1_228' title='bbox 160 3182 251 3248; x_wconf 79' lang='grc' dir='ltr'><em>ἐστίν</em></span> <span class='ocrx_word' id='word_1_229' title='bbox 273 3185 371 3270; x_wconf 88' lang='grc' dir='ltr'><em>τόπῳ.</em></span> <span class='ocrx_word' id='word_1_230' title='bbox 416 3181 472 3248; x_wconf 80' lang='grc' dir='ltr'><em>καὶ</em></span> <span class='ocrx_word' id='word_1_231' title='bbox 496 3181 528 3260; x_wconf 79' lang='grc' dir='ltr'><em>ἐξ</em></span> <span class='ocrx_word' id='word_1_232' title='bbox 552 3177 600 3248; x_wconf 83' lang='grc' dir='ltr'><em>ὧν</em></span> <span class='ocrx_word' id='word_1_233' title='bbox 623 3184 687 3268; x_wconf 86' lang='grc' dir='ltr'><em>ἀρα</em></span> <span class='ocrx_word' id='word_1_234' title='bbox 710 3181 727 3246; x_wconf 96' lang='lat'>6</span> <span class='ocrx_word' id='word_1_235' title='bbox 753 3184 906 3268; x_wconf 82' lang='grc' dir='ltr'><em>Πρόκλος</em></span> <span class='ocrx_word' id='word_1_236' title='bbox 928 3183 1009 3267; x_wconf 74' lang='grc' dir='ltr'><em>ἡμῖν</em></span> <span class='ocrx_word' id='word_1_237' title='bbox 1036 3184 1085 3248; x_wconf 81' lang='grc' dir='ltr'><em>ἀί-</em></span> 
     </span>
     <span class='ocr_line' id='line_1_26' title="bbox 80 3287 1125 3374; baseline 0.003 -19"><span class='ocrx_word' id='word_1_238' title='bbox 80 3292 186 3355; x_wconf 81' lang='grc' dir='ltr'><em>ὃωσιν</em></span> <span class='ocrx_word' id='word_1_239' title='bbox 213 3288 323 3373; x_wconf 79' lang='grc' dir='ltr'><em>λέγειν</em></span> <span class='ocrx_word' id='word_1_240' title='bbox 351 3291 454 3374; x_wconf 77' lang='grc' dir='ltr'><em>δῆλόν</em></span> <span class='ocrx_word' id='word_1_241' title='bbox 482 3287 582 3372; x_wconf 79' lang='grc' dir='ltr'><em>ἐστιν,</em></span> <span class='ocrx_word' id='word_1_242' title='bbox 610 3289 655 3365; x_wconf 80' lang='grc' dir='ltr'><em>όις</em></span> <span class='ocrx_word' id='word_1_243' title='bbox 682 3288 699 3353; x_wconf 99' lang='lat'>6</span> <span class='ocrx_word' id='word_1_244' title='bbox 727 3297 787 3353; x_wconf 88' lang='grc' dir='ltr'><em>τοῦ</em></span> <span class='ocrx_word' id='word_1_245' title='bbox 814 3289 937 3365; x_wconf 87' lang='grc' dir='ltr'><em>παντὸς</em></span> <span class='ocrx_word' id='word_1_246' title='bbox 963 3289 1125 3369; x_wconf 78' lang='grc' dir='ltr'><em>όόατοςιτ</em></span> 
     </span>
     <span class='ocr_line' id='line_1_27' title="bbox 79 3390 1085 3481; baseline 0.001 -20"><span class='ocrx_word' id='word_1_247' title='bbox 79 3399 180 3473; x_wconf 90' lang='grc' dir='ltr'><em>τόπος</em></span> <span class='ocrx_word' id='word_1_248' title='bbox 208 3390 306 3473; x_wconf 88' lang='grc' dir='ltr'><em>οὗτος</em></span> <span class='ocrx_word' id='word_1_249' title='bbox 332 3392 387 3459; x_wconf 80' lang='grc' dir='ltr'><em>καλ</em></span> <span class='ocrx_word' id='word_1_250' title='bbox 414 3403 475 3459; x_wconf 89' lang='grc' dir='ltr'><em>τοῦ</em></span> <span class='ocrx_word' id='word_1_251' title='bbox 497 3393 620 3481; x_wconf 79' lang='grc' dir='ltr'><em>μέρους</em></span> <span class='ocrx_word' id='word_1_252' title='bbox 643 3392 733 3459; x_wconf 80' lang='grc' dir='ltr'><em>ἐστίν</em></span> <span class='ocrx_word' id='word_1_253' title='bbox 755 3395 837 3458; x_wconf 81' lang='grc' dir='ltr'><em>κατὰ</em></span> <span class='ocrx_word' id='word_1_254' title='bbox 860 3396 965 3478; x_wconf 85' lang='grc' dir='ltr'><em>φύσιν</em></span> <span class='ocrx_word' id='word_1_255' title='bbox 987 3394 1043 3461; x_wconf 81' lang='grc' dir='ltr'><em>καὶ</em></span> <span class='ocrx_word' id='word_1_256' title='bbox 1066 3396 1085 3463; x_wconf 95' lang='lat'>6</span> 
     </span>
     <span class='ocr_line' id='line_1_28' title="bbox 78 3496 1085 3588; baseline 0 -20"><span class='ocrx_word' id='word_1_257' title='bbox 78 3514 140 3569; x_wconf 86' lang='grc' dir='ltr'><em>τοῦ</em></span> <span class='ocrx_word' id='word_1_258' title='bbox 168 3504 291 3581; x_wconf 89' lang='grc' dir='ltr'><em>παντὸς</em></span> <span class='ocrx_word' id='word_1_259' title='bbox 318 3503 424 3588; x_wconf 88' lang='grc' dir='ltr'><em>πυρὸς</em></span> <span class='ocrx_word' id='word_1_260' title='bbox 450 3496 549 3578; x_wconf 84' lang='grc' dir='ltr'><em>οὗτος</em></span> <span class='ocrx_word' id='word_1_261' title='bbox 576 3498 631 3565; x_wconf 81' lang='grc' dir='ltr'><em>καὶ</em></span> <span class='ocrx_word' id='word_1_262' title='bbox 658 3509 718 3565; x_wconf 87' lang='grc' dir='ltr'><em>τοῦ</em></span> <span class='ocrx_word' id='word_1_263' title='bbox 746 3498 868 3585; x_wconf 77' lang='grc' dir='ltr'><em>μέρους</em></span> <span class='ocrx_word' id='word_1_264' title='bbox 891 3500 981 3567; x_wconf 80' lang='grc' dir='ltr'><em>ἐστὶν</em></span> <span class='ocrx_word' id='word_1_265' title='bbox 1003 3504 1085 3568; x_wconf 85' lang='grc' dir='ltr'><em>κατά</em></span> 
     </span>
    </p>
   </div>
   <div class='ocr_carea' id='block_1_3' title="bbox 150 3731 1100 3871">
    <p class='ocr_par' dir='ltr' id='par_1_3' title="bbox 150 3731 1089 3871">
     <span class='ocr_line' id='line_1_29' title="bbox 150 3731 1083 3801; baseline -0.001 -15"><span class='ocrx_word' id='word_1_266' title='bbox 150 3739 175 3786; x_wconf 83' lang='grc'>4</span> <span class='ocrx_word' id='word_1_267' title='bbox 194 3748 258 3801; x_wconf 74' lang='lat' dir='ltr'><strong>pag.</strong></span> <span class='ocrx_word' id='word_1_268' title='bbox 274 3735 335 3799; x_wconf 83' lang='lat'>³81,</span> <span class='ocrx_word' id='word_1_269' title='bbox 349 3735 365 3784; x_wconf 98' lang='lat'>6</span> <span class='ocrx_word' id='word_1_270' title='bbox 464 3734 488 3783; x_wconf 98' lang='lat'>6</span> <span class='ocrx_word' id='word_1_271' title='bbox 507 3746 526 3798; x_wconf 87' lang='lat' dir='ltr'>p</span> <span class='ocrx_word' id='word_1_272' title='bbox 567 3734 648 3798; x_wconf 92' lang='grc'><strong>8.80,</strong></span> <span class='ocrx_word' id='word_1_273' title='bbox 664 3733 696 3781; x_wconf 78' lang='lat'><em>22</em></span> <span class='ocrx_word' id='word_1_274' title='bbox 791 3734 815 3784; x_wconf 76' lang='lat'>⁷</span> <span class='ocrx_word' id='word_1_275' title='bbox 835 3731 956 3785; x_wconf 76' lang='grc' dir='ltr'><em>σπεῦδον</em></span> <span class='ocrx_word' id='word_1_276' title='bbox 974 3736 1035 3799; x_wconf 86' lang='grc'><strong>380,</strong></span> <span class='ocrx_word' id='word_1_277' title='bbox 1050 3737 1083 3785; x_wconf 81' lang='grc'><em>28</em></span> 
     </span>
     <span class='ocr_line' id='line_1_30' title="bbox 151 3801 1100 3871; baseline -0.004 -16"><span class='ocrx_word' id='word_1_278' title='bbox 151 3801 185 3856; x_wconf 86' lang='lat' dir='ltr'><em>cf.</em></span> <span class='ocrx_word' id='word_1_279' title='bbox 204 3819 268 3871; x_wconf 79' lang='lat' dir='ltr'><strong>pag.</strong></span> <span class='ocrx_word' id='word_1_280' title='bbox 284 3807 345 3869; x_wconf 81' lang='grc'><strong>381,</strong></span> <span class='ocrx_word' id='word_1_281' title='bbox 360 3806 393 3854; x_wconf 85' lang='grc'><em>19</em></span> <span class='ocrx_word' id='word_1_282' title='bbox 490 3805 549 3854; x_wconf 77' lang='grc' dir='ltr'><em>8ο</em></span> <span class='ocrx_word' id='word_1_283' title='bbox 704 3805 730 3870; x_wconf 87' lang='grc'><em>1,</em></span> <span class='ocrx_word' id='word_1_284' title='bbox 743 3804 836 3869; x_wconf 55' lang='lat'>‘2426</span> <span class='ocrx_word' id='word_1_285' title='bbox 930 3806 982 3854; x_wconf 66' lang='grc' dir='ltr'>Ἃ</span> <span class='ocrx_word' id='word_1_286' title='bbox 986 3806 1039 3852; x_wconf 58' lang='grc'><em>18</em></span> <span class='ocrx_word' id='word_1_287' title='bbox 1053 3802 1100 3851; x_wconf 63' lang='grc' dir='ltr'><em>δι-</em></span> 
     </span>
    </p>
   </div>
   <div class='ocr_carea' id='block_1_4' title="bbox 70 3805 1124 4009">
    <p class='ocr_par' dir='ltr' id='par_1_4' title="bbox 70 3805 1124 4009">
     <span class='ocr_line' id='line_1_31' title="bbox 70 3805 1124 4009; baseline 0.005 -84"><span class='ocrx_word' id='word_1_288' title='bbox 70 3875 144 4009; x_wconf 39' lang='grc' dir='ltr'><em>ἐλέῳ]</em></span> <span class='ocrx_word' id='word_1_289' title='bbox 145 3891 202 4004; x_wconf 55' lang='grc' dir='ltr'><em>ρῳ,</em></span> <span class='ocrx_word' id='word_1_290' title='bbox 222 3888 301 3940; x_wconf 79' lang='lat' dir='ltr'><em>exo,</em></span> <span class='ocrx_word' id='word_1_291' title='bbox 325 3871 357 3924; x_wconf 88' lang='grc' dir='ltr'>Μ</span> <span class='ocrx_word' id='word_1_292' title='bbox 462 3877 504 3927; x_wconf 76' lang='grc'><em>85.</em></span> <span class='ocrx_word' id='word_1_293' title='bbox 524 3875 616 3946; x_wconf 80' lang='grc' dir='ltr'><em>λεγειν</em></span> <span class='ocrx_word' id='word_1_294' title='bbox 587 3805 730 3945; x_wconf 51' lang='lat'>5638</span> <span class='ocrx_word' id='word_1_295' title='bbox 709 3874 863 3946; x_wconf 55' lang='lat' dir='ltr'><em>exspem</em></span> <span class='ocrx_word' id='word_1_296' title='bbox 882 3869 1044 3942; x_wconf 52' lang='lat' dir='ltr'><em>&#39;Quium</em></span> <span class='ocrx_word' id='word_1_297' title='bbox 1067 3864 1124 3930; x_wconf 49' lang='lat'><em>&amp;2³</em></span> 
     </span>
    </p>
   </div>
   <div class='ocr_carea' id='block_1_5' title="bbox 0 0 1202 4208">
    <p class='ocr_par' dir='ltr' id='par_1_5' title="bbox 0 0 1202 4208">
     <span class='ocr_line' id='line_1_32' title="bbox 0 0 1202 4208; baseline 0 1"><span class='ocrx_word' id='word_1_298' title='bbox 0 0 1202 4208; x_wconf 95' lang='lat' dir='ltr'><em> </em></span> 
     </span>
    </p>
   </div>
   <div class='ocr_carea' id='block_1_6' title="bbox 919 4026 982 4088">
    <p class='ocr_par' dir='ltr' id='par_1_6' title="bbox 919 4026 982 4088">
     <span class='ocr_line' id='line_1_33' title="bbox 919 4026 982 4088; baseline -0.063 0"><span class='ocrx_word' id='word_1_299' title='bbox 919 4026 982 4088; x_wconf 67' lang='lat'><em>‘26⁸</em></span> 
     </span>
    </p>
   </div>
  </div>
 </body>
</html>
