2394 4208
72 556 130 631 ιι]
346 558 670 615 mmmmm
688 559 809 615 mm
1067 562 1087 627 9

72 721 260 807 ὑποστῆναι
287 724 325 788 τὸ
353 725 491 809 άπειρον
513 726 705 808 συμβαίνει,
733 724 819 789 οὕτω
843 722 928 807 φημί
951 722 1006 788 καί
1029 725 1089 790 τὸν

73 830 205 915 κόσμον
230 829 274 913 μὴ
300 830 468 894 δύνασθαι
496 827 529 908 ἐξ
553 829 664 894 ἀιδίου
688 837 734 916 τῷ
756 836 827 917 θεῷ
851 831 1088 916 συνυπάρχειν,

73 935 133 999 ἵνα
158 936 205 1018 μὴ
231 936 334 1001 πάλιν
360 933 429 1001 κατ’
458 935 628 1021 ἐνέργειαν
655 936 765 1020 δῶμεν
787 936 825 1000 τὸ
848 937 987 1022 ἄπειρον
1009 937 1088 1021 ὑφί-

73 1048 221 1108 στασθαι
256 1041 312 1108 καί
348 1040 533 1127 διεξιτητὸν
567 1045 757 1127 ποιήσωμεν
793 1043 829 1107 τὸ
867 1044 1017 1129 ἄπειρον·
1055 1042 1087 1121 ἐξ

72 1148 190 1215 ἀιδίου
213 1151 277 1236 γάρ
299 1158 360 1214 τοῦ
382 1152 510 1234 κόσμου
532 1149 740 1235 ὑπάρχοντος
763 1149 889 1234 ἀνάγκη
912 1170 979 1214 που
1005 1151 1087 1214 πάν-
1115 1176 1128 1218 ε

73 1278 141 1333 τως
163 1251 207 1339 ἦν
228 1254 284 1321 καί
307 1266 374 1321 τῶν
396 1257 532 1321 ἄνωθεν
553 1255 615 1333 ἕως
637 1265 702 1322 νῦν
725 1255 763 1321 ἐν
785 1264 831 1343 τῷ
853 1258 966 1344 κόσμῳ
994 1279 1087 1339 γενο-

75 1361 189 1447 μένων
207 1363 267 1428 τὸν
285 1362 433 1449 ἀριθμὸν
454 1398 491 1410 -
512 1361 703 1448 ἀνθρώπων
722 1361 807 1448 φημὶ
820 1362 841 1447 ἣ
855 1361 1006 1446 φυτῶνῆ
1021 1374 1088 1428 τῶν

74 1472 205 1534 λοιπῶν
228 1467 368 1535 ἑκάστου
391 1470 505 1546 είδους
526 1468 659 1554 άτόμων
681 1506 726 1515 -
748 1471 887 1555 ἄπειρον
914 1467 1088 1553 γεγονέναι

73 1573 147 1641 κατ’
183 1573 366 1661 ἐνέργειαν·
405 1577 435 1641 εί
466 1578 528 1662 γάρ
560 1575 812 1662 πεπερασμένον
841 1600 891 1654 τις
921 1577 1087 1641 ὑπόθοιτο

73 1692 146 1747 τῶν
173 1681 363 1767 γενομέναν
389 1682 579 1769 ἀνθρώπων
605 1681 625 1765 ἣ
654 1692 772 1765 φυτῶν
797 1685 819 1766 ἦ
845 1706 947 1747 τινων
978 1683 1089 1747 ἄλλων
1102 1710 1129 1750 ιο

74 1788 212 1872 ἀτόμων
232 1790 292 1853 τὸν
315 1788 481 1875 ἀριθμόν,
503 1788 617 1872 ἐπειδὴ
639 1787 779 1854 ἕκαστον
802 1789 913 1853 αὐτῶν
936 1787 973 1853 ἐν
994 1810 1088 1853 πεπε·

77 1892 230 1983 ρνσμένφ
248 1897 359 1983 χρόνῳ
378 1897 414 1960 τὸ
433 1891 520 1960 εἶναι
538 1898 645 1980 ἔσχεν,
668 1893 724 1961 καί
743 1895 802 1959 τὸν
820 1896 948 1960 ἅπαντα
965 1896 1089 1980 χρόνον

74 2001 286 2086 κεκερᾶσθαι
308 2000 447 2086 ἀνάγκη·
470 2003 508 2066 τὸ
532 2002 594 2089 γὰρ
617 2001 654 2067 ἐκ
675 2000 933 2087 πεπερασμένων
958 2004 1088 2085 συγκεί·

73 2130 182 2192 μενον
207 2107 457 2193 πεπερασμένον
483 2106 582 2173 ἐστίν.
627 2107 696 2173 ἐπεί
720 2103 784 2173 οὖν
806 2107 968 2192 άγενητου
991 2109 1089 2185 ὄντος

74 2222 140 2279 τοῦ
171 2216 299 2297 κόσμον
330 2212 386 2279 καί
419 2213 437 2279 ὁ
469 2216 648 2299 γενόμενος
679 2218 800 2301 χρόνος
832 2216 966 2300 ἄπειρός
996 2213 1088 2280 ἐστιν
1103 2240 1128 2281 ιε

74 2317 148 2385 κατ’
176 2317 361 2405 ἐνέργειαν,
387 2320 515 2413 βνάγκη
543 2321 652 2405 δηπου
679 2320 734 2387 καὶ
761 2323 801 2386 τὰ
829 2320 869 2386 ἐν
894 2330 940 2409 τᾳί
964 2321 1087 2410 ἀπείρῳ

75 2428 190 2514 χρόνῳ
226 2429 390 2511 γενόμενα
425 2428 530 2510 ἄτομα
566 2426 715 2513 ἐνεργείᾳ
746 2429 865 2514 ἄπειρα
897 2423 983 2494 εἶναι
1014 2426 1084 2492 κατ’
1163 2454 1168 2463 ·

74 2533 240 2619 ἀριθμόν·
266 2534 350 2599 ὥστε
379 2535 581 2617 συμβήσεται
609 2535 748 2619 ἄπειρον
770 2533 918 2620 ἀριθμὸν
940 2533 1089 2619 ἐνεργείᾳ

75 2639 267 2724 ὑποστῆναι’
290 2662 326 2704 τε
349 2638 403 2704 καί
427 2639 670 2724 συμβεβηκέναι
692 2648 754 2705 τοῦ
775 2643 903 2726 κόσμου
926 2640 1088 2724 άγενήτου

75 2748 186 2823 ὄντος.
219 2745 270 2810 ότι
293 2742 330 2810 δὲ
352 2743 421 2810 κατ’
449 2743 573 2810 οὐδένα
595 2749 720 2832 τρόπον
738 2746 887 2834 ἐνεργείᾳ
904 2748 1088 2831 ὑποστῆναι
1102 2772 1129 2813 ιο

74 2854 115 2917 τὸ
139 2852 280 2937 ἄπειρον
303 2850 467 2936 ἐνδέχεται
496 2852 573 2917 οὔτε
601 2852 732 2939 ἀθρόον
761 2853 990 2937 ὑφιστάμενον
1012 2854 1088 2918 οὔτε

75 2960 161 3024 κατά
183 2956 284 3043 μέρος
311 2960 505 3042 γινόμενον,
533 2957 570 3023 ἐν
597 2956 695 3046 ἑτέρᾳ
723 2956 786 3044 μὲν
807 2961 981 3043 προϊόντες
1002 2965 1088 3026 θεοῦ

75 3065 235 3142 όιόόντος
265 3063 495 3150 ε’ντελέστερον
526 3062 697 3149 δείξομεν,
730 3064 865 3130 ἐπειδὰν
895 3066 1001 3143 πάσας
1032 3069 1089 3144 τὰς

75 3169 238 3252 περὶτοῦ
261 3170 375 3236 άίδιον
397 3166 482 3236 είναι
506 3172 566 3236 τὸν
587 3175 715 3256 κόσμον
738 3170 877 3257 ἀπορίας
902 3170 1089 3255 ἐλέγξοντες

76 3275 177 3343 αὐτοὶ
198 3279 319 3343 λοιπὸν
341 3275 394 3361 ἐφ’
421 3275 550 3342 ἑαυτῶν
572 3278 865 3363 κατασκευάζομεν,
888 3278 933 3369 όγς
956 3278 1018 3343 οὐκ
1037 3277 1087 3343 έν·
1103 3304 1128 3345 ιε

77 3382 210 3469 δέχεται
228 3384 332 3449 αὐτὸν
355 3379 441 3449 εἶναι
459 3383 581 3467 ἀίδιον,
602 3388 840 3471 παραθήσομαι
858 3381 895 3450 δέ
914 3383 969 3450 καί
988 3384 1090 3450 αὐτὸν

34 3554 42 3563 ,
77 3492 140 3555 τὸν
149 3488 357 3575 Ἀριστοτέλη
377 3489 430 3555 ἐπὶ
449 3488 565 3567 λέξεως
583 3490 664 3555 αὐτὸ
684 3499 781 3556 τοῦτο
798 3492 1090 3574 κατασκευάζοντα,

150 3654 176 3701 4.
200 3647 361 3717 διεξιτητων
379 3646 407 3701 Μ
430 3648 478 3717 (cr.
496 3650 552 3718 pt),
579 3646 608 3700 in
631 3664 718 3770 ιντερ.
737 3666 766 3701 m
786 3654 816 3702 1:
848 3664 989 3702 τουτιστιν
1011 3667 1026 3702 ο
1049 3667 1091 3711 τις

78 3720 181 3774 δυκατι
206 3718 360 3784 διεξελθειν
451 3723 491 3772 10.
515 3737 599 3773 τινων
624 3718 668 3783 Μς
708 3722 759 3772 ort.
778 3727 846 3786 τῶν,
865 3717 899 3774 ef.
919 3724 983 3789 Μ

80 3796 122 3844 14.
142 3790 387 3861 πεπεραῑτῙμινον,
406 3804 440 3843 ex
459 3809 484 3856 ν,
502 3788 533 3843 Μ
603 3787 777 3866 αγενῙιΠτου,
797 3808 833 3849 ex
852 3812 887 3851 ου
906 3812 938 3851 m
954 3792 1038 3865 ῌιὶ

80 3865 122 3914 ²⁰·
142 3860 256 3929 ὄπίθίῦ
274 3876 347 3926 em,
365 3859 401 3912 Μ
467 3865 507 3916 2⁶·
524 3865 780 3942 Μαθκθυᾶζωμεν
794 3872 834 3945 pb
904 3876 953 3930 (λλ.
975 3883 1130 3942 αριστοτε-

72 3934 138 3997 ληίκ
152 3928 284 3995 emlM
