2394 4208
821 38 829 43 '
853 38 867 79 1

10 37 840 342 -

63 569 112 624 ‘Vl
126 571 173 642 λλ]
337 569 385 624 DE
404 568 661 624 AETERNITATE
680 569 801 624 MVNDI
1012 569 1076 634 217

69 742 145 809 τοῖς
166 741 233 798 τῶν
255 736 422 816 λεγόντων
445 735 623 819 ἄφθαρτον
645 729 706 817 μὲν
730 728 816 798 εἶναι
834 736 1016 816 γενόμενον
1034 731 1082 816 δέ,

71 839 138 904 οὐκ
168 842 259 905 ἔστιν
288 839 429 924 ἀληθής*
466 839 588 924 ὁμοίως
618 840 680 925 γάρ
711 856 816 924 φασιν
845 849 915 917 τοῖς
945 841 984 903 τὰ
1011 839 1083 903 δια-

71 946 247 1030 γράμματα
283 946 473 1030 γράφουσιν
508 943 565 1010 καὶ
601 955 688 1030 σφᾶς
720 944 885 1031 εἰρηκέναι
917 943 992 1030 περὶ
1024 955 1083 1029 τῆς

71 1051 249 1136 γενέσεως,
278 1053 339 1137 οὐχ
362 1053 406 1129 ὡς
430 1051 613 1136 γενομένου
636 1049 730 1134 ποτέ,
759 1052 842 1116 άλλά
869 1052 1084 1128 διδασκαλίας

73 1160 173 1244 χάριν
200 1160 245 1236 ὡς
273 1162 400 1242 μᾶλλον
427 1161 672 1244 γνωριζόντων,
704 1159 812 1242 ὥσπερ
835 1159 872 1222 τὸ
896 1159 1085 1243 διάγραμμα
1111 1183 1124 1224 ι

74 1268 257 1349 γινόμενον
279 1265 515 1349 θεασαμένους.
556 1274 655 1330 τοῦτο
679 1263 719 1328 δέ
740 1264 840 1348 ἐστιν,
859 1266 967 1350 ὥσπερ
990 1263 1084 1348 λέγο-

75 1395 154 1456 μεν,
184 1372 225 1437 οὐ
255 1373 291 1436 τὸ
322 1371 416 1437 αὐτό·
453 1370 490 1437 έν
519 1369 581 1457 μὲν
610 1373 673 1456 γάρ
701 1380 739 1456 τῇ
766 1373 896 1454 ποιήσει
923 1382 991 1435 τῶν
1013 1370 1084 1434 δια-

73 1479 276 1563 γραμμάτων
302 1479 437 1543 πάντων
456 1479 461 1561 λ
481 1477 648 1543 τεθέντων
676 1473 761 1542 εἶναι
791 1479 856 1560 άμα
878 1478 916 1542 τὸ
939 1477 1020 1543 αὐτὸ
1040 1494 1136 1536 somt-

75 1588 265 1668 συμβαίνει,
288 1582 325 1649 έν
348 1581 385 1649 δὲ
407 1595 479 1662 ταῖς
502 1586 631 1650 τούτων
654 1582 862 1660 ἀποδείξεσιν
885 1583 925 1647 οὐ
953 1584 1084 1648 ταύτόν.

76 1690 148 1756 ἀλλ’
182 1690 362 1756 ἀδύνατον·
399 1693 438 1756 τά
471 1693 533 1776 γὰρ
566 1693 799 1775 λαμβανόμενα
830 1692 993 1776 πρότερον
1029 1688 1083 1755 καὶ
1098 1717 1125 1756 ιο

75 1798 220 1882 ὕστερον
247 1797 429 1863 ὑπεναντία
457 1795 561 1862 ἐστίν·
594 1795 626 1874 έξ
650 1796 798 1862 ἀτάκτων
821 1798 883 1880 γὰρ
906 1793 1086 1879 τεταγμένα

75 1903 235 1987 γενέσθω
259 1908 373 1988 φασίν,
397 1905 463 1987 ἅμα
486 1900 523 1968 δὲ
546 1905 687 1968 ἄτακτον
711 1899 795 1968 εἶναι
814 1901 869 1967 καὶ
887 1899 1086 1984 τεταγμένον

76 2009 258 2094 ἀδύνατον,
285 2008 355 2074 ἀλλ’
383 2009 509 2093 ἀνάγκη
534 2009 666 2093 γένεσιν
689 2006 774 2075 εἶναι
798 2011 858 2093 τὴν
881 2012 1086 2095 χωρίζουσαν

77 2114 134 2180 καὶ
157 2118 293 2201 χρόνον·
317 2115 355 2180 ἐν
377 2113 415 2181 δὲ
438 2127 508 2194 τοῖς
527 2117 773 2202 διαγράμμασιν
792 2113 894 2181 οὐδὲν
911 2123 957 2203 τῷ
976 2116 1085 2202 χρόνῳ

76 2222 294 2307 κεχώρισται)
1099 2246 1126 2286 ιι

140 2326 360 2415 Ἀλεξάνδρου
384 2327 543 2414 ἐξήγησις.

146 2433 221 2517 Ἒίη
246 2433 288 2500 ἂν
310 2445 409 2501 τοῦτο
432 2438 515 2520 πρός
538 2459 631 2513 τινας
653 2446 721 2500 τῶν
744 2434 807 2500 ἀπὸ
832 2436 1013 2511 Πλάτωνος
1035 2432 1086 2499 λε’-

79 2564 161 2625 γων,
188 2542 234 2617 ὡς
261 2541 423 2607 κάκείνων
450 2542 487 2606 τὸ
516 2542 641 2607 άτοπον
668 2542 889 2627 συνορώντων
911 2543 947 2606 τὸ
972 2539 1086 2624 ἑπόμε-

76 2671 140 2711 νον
168 2655 214 2733 τῷ
241 2648 301 2711 τὸν
328 2650 455 2731 κόσμον
477 2650 617 2731 γενητὸν
639 2648 750 2732 λέγειν
772 2649 950 2732 ἄφθαρτον
972 2643 1009 2711 δὲ
1032 2644 1087 2710 καὶ

79 2754 136 2818 διὰ
158 2761 257 2818 τοῦτο
280 2754 444 2838 βοήθειάν
466 2778 541 2818 τινα
563 2762 609 2841 τῷ
632 2752 799 2841 λεγομένῳ
822 2754 887 2819 ὑπὸ
907 2754 1087 2830 Πλάτωνος
1100 2778 1127 2818 ιο

79 2857 135 2924 καὶ
158 2857 217 2943 ὑφ’
246 2859 358 2924 αὐτῶν
384 2859 611 2945 ποριζομένων
633 2859 754 2944 καὶμὴ
778 2861 977 2945 φασκόντων
1000 2859 1087 2924 οὕτω
1125 2915 1126 2918 ,

79 2965 191 3049 λέγειν
227 2965 330 3031 αὐτὸν
367 2964 541 3050 γεγονέναι
577 2967 637 3031 τὸν
668 2969 794 3050 κόσμον
825 2966 869 3043 ὡς
901 2963 955 3030 ἀπ’
988 2964 1088 3052 ἀρχῆς

80 3074 206 3157 χρόνον
229 3070 285 3137 καὶ
308 3069 387 3137 ποτὲ
409 3074 453 3156 μὴ
473 3074 553 3138 ὄντα
572 3071 655 3137 ἀλλὰ
673 3073 888 3149 διδασκαλίας
906 3073 1004 3157 χάριν
1021 3082 1088 3136 τῶν

78 3180 324 3261 μανθανόντων
346 3176 402 3243 καὶ
426 3176 596 3256 ἐνδείξεως
618 3188 675 3262 τῆς
694 3177 811 3255 οὐσίας
829 3201 864 3243 τε
882 3176 937 3242 καὶ
955 3178 1089 3260 φύσεως

80 3284 198 3348 αὐτοῦ·
222 3284 332 3369 ὥσπερ
351 3286 415 3370 γάρ
437 3284 600 3349 ἀνάλυσιν
619 3283 722 3349 αὐτόν
740 3300 823 3368 φασι
842 3288 1013 3349 ποιείσθω
1032 3293 1090 3367 τῆς
1102 3307 1130 3350 τι

81 3389 199 3467 οὐσίας
231 3389 333 3454 αὐτοῦ
366 3388 421 3455 καὶ
452 3390 679 3473 <δεικνύναι>,
711 3390 740 3453 εί
773 3387 917 3473 ἐγένετο,
949 3399 1018 3465 πῶς
1047 3387 1090 3452 ἂν

81 3494 227 3580 ἐγένετο,
259 3497 368 3582 ὥσπερ
402 3494 454 3561 ε’πί
486 3506 553 3560 τῶν
585 3495 841 3581 διαγραμμάτων
873 3497 905 3560 ολ
937 3501 1089 3578 μαθημα-

154 3730 195 3778 11.
215 3723 269 3794 γάρ
293 3742 359 3778 ποτε
383 3724 467 3778 Arist.
487 3723 561 3805 vulg.
582 3725 659 3790 (ποτε
678 3739 732 3776 om.
752 3721 811 3776 cod.
831 3720 867 3788 E;
894 3721 928 3775 τὰ
947 3721 983 3790 Η)

83 3802 125 3850 12.
149 3793 181 3849 δὲ
203 3794 235 3848 τὸ
262 3795 330 3848 αότδ
353 3793 474 3849 ἄτακτον
496 3795 580 3850 Anat.
600 3793 675 3865 vulg.
695 3793 737 3865 (τὸ
757 3792 827 3849 αὐτὸ
846 3810 904 3850 om.
917 3791 993 3863 m

87 3873 127 3919 14.
147 3867 276 3933 γρλολνωι
293 3865 328 3916 M
411 3871 453 3921 26.
473 3883 565 3936 ωσπερ
581 3899 615 3909 -
630 3873 676 3927 26.
696 3889 788 3927 αυτου
808 3867 842 3925 'm
858 3885 957 3940 πως.
970 3865 1009 3920 λδ

71 3940 111 3983 26.
135 3933 278 3984 δεικνύναι
297 3932 361 3988 add.
382 3935 427 4004 (os.
450 3942 512 4009 218,
530 3947 552 3996 2,
570 3946 601 4015 3)
