2394 4208
757 34 773 95 Τ

10 33 852 335 m

75 535 162 607 1an
343 533 391 588 οε
408 532 663 589 mmmmm
681 531 803 589 uvm
1014 532 1079 609 321

74 696 132 762 καλ
155 707 222 762 τῶν
244 693 305 780 μέν
326 697 367 761 τὰ
389 698 510 779 ἔκγονα
531 694 675 781 τρέφειν,
697 707 764 762 τῶν
786 693 824 762 δέ
845 699 904 782 μή,
923 697 952 761 ελ
970 694 1081 780 μέλλει

76 805 114 868 τὸ
145 806 303 886 ποίμνιον
333 800 384 866 ὅτι
413 800 595 886 ἀκρότατον
624 797 723 866 εἶναι·
763 801 817 867 καί
847 810 949 867 ταῦτα
974 802 1083 867 πάντα

75 913 235 994 γινόμενα
271 908 457 973 λανθάνειν
492 909 579 991 πλήν
614 906 736 986 αὐτοὺς
771 911 850 986 τοὺς
885 910 1046 994 ἄρχοντας
1074 904 1079 995 Ι

77 1015 130 1100 ηδ’
159 1010 201 1080 αὖ
229 1015 249 1098 ἡ
278 1013 375 1097 ἀγέλη
399 1025 467 1079 τῶν
489 1014 648 1098 φυλάκων
671 1014 721 1079 ὅτι
744 1014 884 1098 μάλιστα
906 1013 1002 1080 ἀστα-
1020 1030 1136 1072 ίοῑιεθι.

77 1127 212 1198 σίαστος
239 1120 349 1185 ἔσται’.
395 1121 424 1185 ελ
451 1131 518 1185 τῶν
544 1117 605 1204 μὲν
632 1119 775 1204 ἀρίστων
801 1123 842 1185 τὰ
869 1123 989 1203 ἔκγονα
1009 1119 1082 1207 τρέ-
1108 1145 1123 1187 ι

80 1251 157 1312 φειν
181 1228 246 1311 δελ,
269 1236 336 1290 τῶν
359 1222 396 1290 δέ
419 1224 580 1291 ἐναντίων
597 1224 724 1309 μηκέτι,
743 1226 898 1309 δηλονότι
916 1226 1082 1293 ἐκτιθέναι

77 1335 162 1398 αὐτὰ
185 1334 232 1410 είς
255 1331 421 1397 ἀπώλειαν
442 1333 609 1414 βούλεται·
638 1330 848 1398 ἀπόλλυσθαι
870 1334 932 1417 γάρ
956 1332 1082 1417 ἀνάγκη

78 1442 119 1505 τά
148 1441 191 1523 μή
221 1440 415 1524 τρεφόμενα
460 1437 516 1503 καλ
545 1435 612 1521 μετ’
644 1436 740 1521 ὀλίγα
771 1437 808 1503 έν
836 1447 882 1525 τῷ
910 1439 999 1526 αὐτῷ
1025 1449 1084 1523 τῆς

78 1549 245 1623 πολιτείας
276 1544 410 1632 πέμπτῳ
442 1542 547 1628 φησὶν
580 1543 630 1608 ‘uk
661 1540 723 1628 μὲν
754 1544 795 1627 δή
832 1555 899 1609 τῶν
934 1543 1083 1630 ἀγαθῶν,

81 1654 185 1735 δοκῶ,
215 1654 375 1734 λαβοῦσαι
406 1651 453 1727 εἰς
479 1650 540 1715 τὸν
566 1651 670 1733 σηκὸν
699 1655 852 1715 οἴσουσιν
878 1651 967 1734 παρά
992 1674 1084 1729 τινας
1098 1677 1125 1716 ιο

81 1760 228 1845 τροφοὺς
262 1755 361 1841 χωρὶς
391 1756 546 1833 οἰκούσας
576 1758 612 1820 έν
641 1779 708 1821 τινι
737 1754 828 1842 μέρει
859 1766 916 1840 τής
946 1759 1085 1834 πόλεως·

80 1866 120 1929 τὰ
144 1861 181 1928 δὲ
203 1874 270 1928 τῶν
292 1865 453 1947 χειρόνων
475 1861 530 1927 καὶ
553 1861 611 1927 ἐάν
633 1885 664 1926 τι
687 1872 754 1926 τῶν
777 1860 897 1948 ἑτέρων
914 1861 1086 1948 ἀνάπηρον

80 1969 214 2054 γένηται
248 1968 285 2034 έν
316 1968 491 2056 ἀπορρήτῳ
522 1991 557 2033 τε
588 1967 643 2033 καὶ
673 1967 783 2056 ἀδήλῳ
813 1970 1011 2055 κρόνουσιν,
1041 1968 1087 2047 ὡς

81 2076 213 2160 πρέπει,
236 2081 327 2160 είκερ
351 2073 462 2158 μέλλει
485 2075 636 2158 καθαρὸν
657 2075 694 2139 τὸ
719 2074 815 2157 γένος
836 2086 903 2140 τῶν
925 2076 1087 2158 φυλάκων

81 2179 238 2247 ἔσεσθαί.
284 2185 318 2245 τί
343 2175 406 2245 οὖν
432 2181 532 2245 πάλιν
557 2181 712 2262 βούλεται
735 2182 772 2245 τὸ
796 2180 832 2246 έν
855 2181 1027 2268 ἀπορρήτῳ
1050 2204 1085 2246 τε
1100 2206 1126 2248 ιτ

81 2287 135 2353 καὶ
171 2287 281 2374 ἀδήλῳ
312 2287 351 2349 τά
383 2297 450 2350 τῶν
482 2287 621 2369 φαύλων
652 2287 936 2371 κατακρύπτεσθαι
966 2290 1087 2371 ἔκγονα

83 2392 138 2458 καὶ
171 2398 205 2457 εί
230 2417 261 2456 τι
290 2402 357 2456 τῶν
386 2391 525 2475 ἀγαθῶν
554 2391 725 2476 ἀνάπηρον
756 2391 885 2477 γένοιτο
916 2393 937 2477 ἢ
969 2395 1006 2459 τὸ
1039 2396 1087 2472 ελς

82 2499 220 2584 φθοράν
242 2520 307 2563 που
331 2500 603 2584 κατορύττεσθαις
626 2498 667 2562 οὐ
691 2500 753 2583 γὰρ
777 2498 819 2582 δή
842 2522 879 2582 γε
901 2501 1088 2586 τρεφόμενά

83 2628 118 2670 τε
141 2603 196 2669 καὶ
219 2605 266 2681 εἰς
288 2604 420 2686 ήλικίαν
444 2603 588 2687 ἀγόμενα
614 2605 674 2668 τὸν
697 2601 747 2668 ἀεὶ
771 2607 893 2689 χρόνον
916 2604 952 2670 έν
975 2606 1086 2692 ἀδήλῳ

81 2706 167 2776 εἶναι
199 2711 366 2774 δύνανται.
421 2709 470 2773 ότι
503 2706 540 2775 δὲ
572 2712 774 2793 φθείρεσθαι
805 2711 888 2776 αὐτὰ
918 2713 1083 2796 βούλεται,
1097 2737 1125 2777 ιο

82 2815 288 2901 σαφέστερον
323 2814 390 2899 μετ’
431 2814 546 2899 ὀλίγον
574 2815 702 2900 προϊὼν
733 2816 794 2898 τήν
825 2818 951 2882 οἰκείαν
982 2816 1088 2894 ἐξεκά-

81 2926 189 3000 λυφεν
206 2923 353 3006 γνώμην·
377 2921 481 3005 φησὶν
498 2923 561 3007 γάρ
581 2921 685 2997 οὕτως
708 2920 800 2986 Ὅταν
822 2920 859 2988 δὲ
881 2925 960 3007 ήδη,
986 2920 1088 3012 οἶμαι,

81 3030 119 3093 αἳ
139 3050 173 3092 τε
196 3037 350 3110 γυναῖκες
372 3025 426 3092 καὶ
450 3028 482 3092 ολ
505 3027 624 3112 ἄνδρες
641 3036 701 3092 τοῦ
720 3037 842 3110 γεννᾶν
860 3027 1001 3111 ἐκβῶσιν
1027 3032 1089 3114 τήν

80 3134 222 3217 ἡλικίαν,
236 3132 406 3217 ἀφήσομέν
423 3155 489 3198 που
508 3133 706 3217 ἐλευθέρους
720 3134 841 3210 αὐτοὺς
854 3140 1084 3219 συγγίνεσθαι,

81 3233 103 3324 ή
127 3239 169 3303 ἀν
193 3239 363 3321 ἐθέλωσιν,
386 3240 473 3322 πλήν
495 3239 639 3325 θυγατρὶ
662 3238 716 3304 καλ
739 3239 836 3324 μητρὶ
855 3240 909 3306 καὶ
927 3252 999 3318 ταίς
1016 3253 1085 3307 τῶν
1100 3267 1129 3308 ιι

81 3343 278 3430 θυγατέρων
304 3343 419 3410 παισὶν
446 3343 594 3422 καλιαῖς
617 3347 685 3410 ἀνω
708 3349 843 3430 μητρός,
866 3346 920 3412 καλ
944 3349 1001 3424 τὰς
1024 3372 1084 3430 γυ-

154 3543 178 3590 ι.
198 3535 243 3604 ην
265 3536 305 3606 M]
325 3536 350 3590 ει
368 3535 453 3604 Ριεε,
482 3528 547 3608 ἦν
568 3540 600 3606 pt
684 3543 708 3590 ι.
728 3506 834 3592 πόλει
853 3539 881 3591 M
973 3543 996 3593 ι.
1016 3539 1088 3593 επο-

82 3610 159 3662 λειαν
178 3607 207 3659 Μ
292 3613 315 3659 9.
334 3605 406 3661 Plat.
425 3606 492 3676 reip.
512 3606 538 3658 V
555 3607 632 3661 4600
721 3613 761 3662 13.
781 3607 907 3679 γίγνηται
925 3608 996 3662 Plat.

82 3678 311 3745 κατακρύψουσιν
329 3676 409 3743 ΡΙολ.,
429 3677 462 3730 cf.
481 3677 529 3731 lin.
551 3683 583 3731 16
680 3683 720 3732 13.
741 3684 781 3733 14.
800 3697 951 3746 ωτπερεπει
969 3679 998 3732 Μ

84 3754 125 3802 14.
144 3746 251 3816 πρέπει.
280 3747 368 3816 Εἴπερ
387 3746 482 3816 μέλλει,
497 3748 564 3817 ἔφη,
577 3748 706 3840 καθαρὸν
719 3748 791 3804 Plat.
863 3756 909 3805 λλ.
925 3749 1003 3803 ΡΜ.
1013 3750 1094 3816 ῑοὶρ.

83 3819 202 3873 V461B
288 3818 530 3890 ἤδηΜήδὴΡλεί.
603 3813 880 3898 mmmm.
952 3825 1057 3873 ‘lma
1072 3816 1114 3881 ιΧ-

80 3889 172 3942 σινΜ
234 3888 269 3940 Μ
272 3889 374 3941 mlad
383 3887 443 3946 ἀνω
452 3895 511 3947 not.
522 3910 627 3967 marga
643 3915 709 3961 ταις
720 3917 832 3970 μαμαις
906 3893 961 3955 τδις
975 3884 1069 3944 0¹³st
1085 3883 1138 3934 ὼ·

123 3982 231 4023 Imm
244 3985 402 4031 Ρπιιοεοαυι
417 3991 454 4033 od.
468 3992 560 4038 Baba.
940 3986 985 4036 Ἃ
