2394 4208
10 29 852 358 m

11 604 17 613 ,
66 554 130 607 XIV
146 556 174 625 3]
334 553 382 607 DE
400 553 658 609 AETERNI'I'ATE
677 554 798 609 MVNDI
1011 555 1074 621 547

64 741 178 800 μενον,
208 716 239 794 ἐξ
268 712 309 781 οὗ
330 717 333 802 λ
354 719 391 781 τὸ
420 717 630 802 τεταγμένον,
660 717 832 783 τουτέστιν
858 721 918 783 τὸν
940 721 996 783 κό-
1015 736 1128 776 τοίνυν.

66 842 162 908 σμον,
192 823 336 906 ἐποίησε·
372 833 440 888 πᾶν
468 825 546 910 γάρ,
574 823 680 908 φησὶν
703 823 721 889 6
747 826 899 909 Πλάτων,
928 825 1010 891 ὅσον
1032 821 1076 909 ἦν

66 932 198 1015 ὁρατόν,
212 932 414 1015 παραλαβὼν
433 931 494 1016 οὐχ
512 931 653 1016 ἡσυχίαν
672 933 756 1015 άγον
774 931 857 996 ἀλλά
875 935 1076 1017 κινούμενον

64 1042 261 1121 πλημμελῶς
284 1036 339 1101 καῖ
362 1037 507 1114 ἀτάκτως
530 1039 577 1114 είς
600 1036 692 1115 τάξιν
715 1038 795 1102 αὐτὸ
819 1041 944 1123 ἢγαγεν
964 1038 1000 1103 ἐκ
1018 1050 1075 1124 τῆς

66 1143 206 1220 ἀταξίας.
253 1146 292 1208 τά
316 1141 352 1209 δὲ
376 1144 479 1229 ὁρατά
501 1148 536 1208 τί
551 1143 594 1209 ἀν
612 1146 685 1228 εἴη’,
704 1143 808 1228 φησὶν
828 1145 845 1209 6
866 1148 1074 1231 Πορφύριος,
1102 1174 1114 1212 5

65 1251 97 1334 <ἢ
118 1253 263 1334 σώματα;
288 1251 307 1334 6
327 1253 389 1336 γάρ
408 1253 470 1334 ὕλη
495 1251 607 1335 ἀειδὴς
630 1250 685 1316 καῖ
705 1253 857 1337 ἀμορφος
879 1250 947 1316 κατ’
972 1252 1075 1316 αὐτὸν

66 1360 230 1423 Πλάτωνα
253 1357 308 1423 καῖ
330 1361 427 1442 μόγις
449 1361 543 1446 νόθῳ
567 1362 714 1446 λογισμῷ
739 1359 979 1443 λαμβανομένη.
1012 1357 1075 1423 κάν

64 1468 104 1529 τά
129 1471 200 1549 ἴχνη
226 1461 262 1528 δὲ
285 1476 353 1528 τῶν
376 1466 476 1529 εἰδῶν
499 1463 518 1548 6
542 1465 604 1549 ὕλη
629 1454 786 1569 δεξαμένη
812 1463 1073 1559 νοηται,,ἐπειδὴ

64 1573 103 1635 τι
133 1577 205 1655 ηπ,
234 1582 301 1635 τοι
333 1573 434 1636 ειοω
463 1572 555 1636 οὕτω
586 1573 657 1655 ειοη
689 1554 938 1656 ιηκὸιιιιζειι
969 1571 1074 1654 αὐτὴν

65 1678 239 1761 ἀσώματόν
266 1702 300 1742 τε
328 1678 382 1742 καὶ
411 1677 563 1742 ἀνείδεον
589 1670 749 1743 ὑπονοεῖν
777 1678 918 1761 ἀνάγκη,
947 1679 991 1754 ὡς
1018 1676 1072 1742 καὶ
1087 1707 1114 1746 ιο

64 1784 103 1847 τά
139 1789 210 1867 ἴχνη
243 1784 297 1849 καῖ
330 1785 349 1868 6
383 1788 588 1870 σκιαγραφία
619 1793 676 1868 τῆς
709 1786 911 1871 Σωκράτους
944 1786 1073 1869 εἰκόνος
1150 1842 1160 1874 v

64 1891 155 1954 ούπω
188 1892 390 1978 Σωκράτους
422 1890 513 1956 ἐστὶν
546 1892 653 1955 είκών.
707 1892 736 1954 εἴ
768 1887 805 1956 δὲ
837 1890 893 1956 καῖ
925 1894 965 1955 τά
999 1897 1072 1975 ἴχνη

64 1995 222 2081 δεξαμένη
251 2001 298 2062 ἔτι
327 1997 418 2062 ε’στῖν
446 1998 617 2082 ἀσώματος
644 1995 699 2061 καῖ
728 1998 784 2061 διά
810 2007 908 2062 τοῦτο
933 1998 1073 2084 ἀόρατος

63 2105 117 2167 άτε
151 2105 191 2187 δὴ
224 2108 319 2188 μήπω
352 2111 605 2188 σωματωθείσα,
642 2105 678 2168 τὸ
717 2100 754 2169 δὲ
789 2108 986 2189 πλημμελῶς
1017 2103 1073 2169 καὶ

63 2210 207 2287 ἀτάκτως
236 2212 437 2295 κινούμενον
467 2211 588 2297 ὁρατὸν
618 2206 708 2275 εἶναί
735 2229 840 2294 φησιν
870 2210 887 2275 6
918 2212 1071 2294 Πλάτων,
1086 2238 1112 2279 15

63 2318 124 2380 οὐκ
152 2319 216 2402 ἀρα
242 2319 279 2381 τὸ
307 2322 503 2401 πλημμελῶς
530 2315 585 2381 καὶ
613 2317 758 2395 ἀτάκτως
786 2319 988 2401 κινούμενον
1010 2319 1072 2401 τὴν

62 2424 147 2507 ὕλην
176 2420 264 2489 εἶναι’
289 2443 393 2508 φησιν
421 2424 438 2488 6
464 2425 607 2488 Πλάτων
634 2426 673 2488 τά
703 2430 775 2509 ἴχνη
805 2436 871 2489 τῶν
895 2425 995 2488 εἰδῶν
1019 2425 1071 2488 δε-

63 2528 214 2614 ξαμένην,
242 2533 282 2595 τά
308 2533 442 2615 σώματα
469 2528 506 2595 δὲ
533 2535 660 2615 μᾶλλον
687 2532 726 2594 τά
748 2534 844 2615 μήπω
868 2541 925 2614 της
947 2548 1070 2616 προση-

62 2640 184 2721 κούσης
206 2636 346 2715 τάξεως.
388 2640 417 2702 εἴ
440 2634 501 2722 μὲν
524 2632 587 2702 οὖν
609 2636 707 2702 ταῦθ’
731 2638 817 2703 οὕτω
838 2639 1070 2722 διακεκρίσθαι

61 2746 283 2829 κατὰχρόνον
303 2744 320 2809 6
341 2745 484 2808 Πλάτων
502 2747 624 2827 ἔλεγεν,
643 2741 727 2826 λέγω
752 2745 792 2827 δὴ
816 2745 856 2808 τά
878 2767 913 2808 τε
937 2746 1070 2828 σώματα
1084 2772 1111 2812 ω

60 2853 100 2914 τά
127 2849 159 2927 ἐξ
188 2846 235 2915 ὧν
264 2849 282 2914 6
310 2853 432 2934 κόσμος
459 2848 514 2913 καὶ
537 2851 599 2933 τὴν
622 2847 669 2913 ἐπ’
694 2850 808 2927 αὐτοῖς
830 2848 933 2934 τάξιν,
957 2850 1069 2928 οὐδεὶς

61 2956 104 3020 ἀν
132 2954 224 3041 οἶμαι
252 2958 311 3021 τὸν
339 2959 441 3039 λόγον
468 2965 553 3021 νοῦν
581 2959 665 3040 ἔχων
688 2955 880 3034 ἀπεδεξατο·
917 2958 983 3041 άμα
1005 2961 1068 3043 γὰρ

61 3064 241 3146 ἀφίστησιν
264 3063 282 3128 6
306 3064 387 3139 θεὸς
409 3065 490 3146 μετά
512 3072 569 3146 τῆς
592 3065 823 3148 προσηκούσης
850 3062 969 3141 τάξεως
996 3063 1069 3128 ἕκα-

59 3189 147 3234 στον.
194 3172 223 3234 εἴ
253 3166 290 3234 δὲ
318 3170 533 3245 διδασκαλίας
560 3170 670 3254 χάριν,
698 3162 719 3254 6
747 3187 852 3253 φησιν
880 3170 897 3235 6
928 3172 1067 3255 Πορφύ-

59 3302 145 3359 ριος,
175 3286 277 3340 ταῦτα
306 3275 466 3357 ὑπέθετο,
499 3273 550 3359 ἐφ’
579 3269 606 3363 ᾧ
635 3277 800 3360 συνιδεῖν,
831 3280 865 3340 τί
892 3274 954 3361 μὲν
983 3276 1107 3344 αὐτάιι

58 3382 135 3446 καθ’
160 3384 242 3447 αὑτά
266 3382 329 3447 ἀπὸ
352 3391 410 3466 τῆς
434 3383 521 3458 ἰδίας
544 3385 608 3467 ἔχει
633 3385 672 3446 τά
696 3385 829 3466 σώματα
857 3385 989 3466 φύσεως
1012 3381 1066 3447 καὶ

58 3490 158 3573 αὐτῆς
174 3491 327 3572 δηλονότι
346 3500 403 3573 τῆς
422 3491 554 3573 φύσεως
573 3490 683 3554 αὐτῶν
701 3493 830 3554 θεόθεν
847 3494 1066 3574 παρασχεθεί-

130 3725 153 3773 2.
173 3718 244 3772 Plat.
260 3716 330 3770 Tim.
345 3718 409 3770 σοι
465 3723 487 3771 ι.
508 3716 751 3772 Plat.Tim.51A.
772 3719 833 3772 ωε
884 3725 908 3774 ε.
923 3686 1065 3789 ιιληαγ,

59 3812 76 3841 α
96 3807 129 3843 ex
149 3809 170 3856 ε,
189 3790 218 3842 Μ
305 3793 403 3842 18.19.
423 3788 614 3858 προσηκούσης
633 3789 769 3858 δεξάμενα
787 3789 891 3855 τάξεως
907 3790 960 3857 τὴν
979 3788 1073 3849 ’λιποσ-

57 3863 107 3924 ξιν.
138 3861 162 3914 εἴ
177 3865 222 3929 μὴ
242 3859 305 3913 fort,
321 3860 512 3930 προσηκούσης
526 3858 693 3935 (τυχόντα)
712 3859 820 3926 τάξεως
892 3857 1096 3910 Ἀνώσο-

49 3933 162 3995 φύριοςι
181 3933 214 3985 cf.
235 3929 320 3984 etiam
337 3947 405 4003 pag.
422 3938 537 4004 189,10

899 4010 960 4067 512¹
