2394 4208
76 546 116 600 XI
131 546 175 619 14]
340 544 388 600 DE
407 545 664 600 AETERNITATE
681 545 803 601 MVNDI
1014 544 1080 609 463

76 709 199 794 σαρκὸς
229 711 331 792 ὄγκον
359 710 421 794 την
450 707 590 775 ἑκάστου
620 720 687 774 τῶν
716 713 889 795 στοιχείων
922 706 1014 774 ἰδίαν
1045 706 1083 773 ἐν

77 813 183 903 ἑαυτῷ
210 814 467 900 καταδέξασθαι,
496 814 661 901 ἐνδέχεται
688 816 753 901 ἀρα
779 816 816 880 τὸ
843 817 1008 902 πρότερον
1036 821 1082 902 τῷ

76 932 133 1005 τῆς
161 931 221 1005 γῆς
249 923 330 987 είδει
356 923 578 1007 ὑποκείμενον
604 932 662 1007 τῆς
690 923 812 1008 σαρκὸς
838 925 959 1008 μόριον
981 919 1081 1010 (λέγω

76 1029 117 1111 δὴ
141 1029 221 1094 αὐτὸ
245 1029 282 1093 τὸ
305 1039 400 1115 τριχῇ
424 1029 602 1094 διαστατὸν
619 1027 674 1093 καὶ
693 1026 801 1116 σῶμα)
819 1032 1007 1115 φθαρείσης
1025 1037 1084 1112 τῆς

75 1135 197 1220 σαρκὸς
223 1136 261 1200 τὸ
289 1144 350 1200 τοῦ
377 1135 499 1213 ὕδατος
525 1134 546 1219 ἢ
575 1136 678 1200 ἀλλον
705 1137 797 1212 τινὸς
819 1145 887 1200 τῶν
910 1139 1082 1219 στοιχείων
1108 1160 1121 1202 ε

75 1241 113 1307 ἐν
140 1239 247 1330 ἑαυτῷ
275 1241 518 1320 καταδέξασθαι
547 1239 649 1319 εἶδος·
680 1241 841 1308 ὥστεκαὶ
864 1243 925 1325 την
947 1251 1012 1325 γῆν
1035 1241 1082 1318 είς

74 1350 115 1412 τά
142 1350 242 1413 λοιπά
268 1360 335 1413 τῶν
362 1352 535 1434 στοιχείων
562 1350 778 1434 μεταβάλλειν
806 1348 946 1432 ἀνάγκη·
982 1357 1081 1413 τοῦτο

74 1455 137 1540 γάρ
166 1453 256 1520 ἐστιν
283 1454 303 1538 ἡ
332 1456 379 1533 είς
406 1456 532 1539 ἄλληλα
558 1466 625 1520 τῶν
652 1458 825 1540 στοιχείων
852 1455 1016 1539 μεταβολὴ
1044 1455 1081 1519 τὸ

74 1562 111 1626 τὸ
135 1561 216 1626 αὐτὸ
239 1562 461 1646 ὑποκείμενον
484 1563 600 1627 ἀλλοτε
619 1563 721 1627 ἀλλον
740 1565 906 1646 στοιχείου
926 1559 1081 1645 δέχεσθαι

74 1663 178 1752 εἶδος,
206 1668 251 1745 ῶς
277 1671 441 1755 πρότερον
468 1667 641 1734 δέδεικται.
686 1667 741 1734 καὶ
768 1672 803 1733 τί
823 1691 863 1751 με
886 1668 938 1732 δεῖ
960 1669 1081 1752 μακρό-
1095 1693 1122 1732 ιο

73 1797 172 1861 τερον
199 1783 259 1840 τοῦ
287 1773 342 1840 καὶ
370 1777 432 1858 τὴν
458 1785 522 1860 γῆν
550 1777 598 1852 είς
624 1777 665 1840 τά
692 1776 792 1840 λοιπά
819 1784 965 1859 στοιχεῖα
986 1795 1081 1857 μετα-

72 1882 210 1963 βάλλειν
232 1880 420 1946 ἀποτείνειν
442 1884 545 1965 λόγον
562 1883 684 1947 τούτου
703 1892 818 1966 σαφῶς
836 1878 890 1946 καί
909 1879 1082 1964 καρδιῶν

72 1989 155 2072 μετά
178 1988 342 2052 Πλάτωνα
363 1989 498 2053 πάντων
521 2000 674 2074 φυσικῶν
697 1985 994 2071 ἀτοδεδειγμίνου;
1018 1979 1080 2072 οὖΙ

74 2090 111 2159 δὲ
143 2095 241 2180 χάριν
271 2095 400 2159 τούτων
431 2105 496 2160 νῦν
527 2106 594 2160 τῶν
631 2096 741 2179 λόγων
777 2093 1000 2178 ἐμνήσθημεν,
1023 2109 1063 2149 τοι
1071 2110 1132 2150 1011.

74 2200 182 2266 ἐκεῖνό
206 2199 309 2266 ἐστιν·
332 2200 398 2285 ὅτι,
421 2202 450 2266 εί
474 2200 653 2286 δέδεικται,
676 2202 721 2278 ὡς
743 2201 781 2266 τὸ
805 2202 866 2283 τὴν
888 2210 953 2284 γῆν
971 2197 1081 2282 λέγειν
1094 2226 1120 2266 ιι

73 2307 299 2392 ἀμετάβλητον
322 2303 408 2373 εἶναι
430 2308 566 2393 μάχεται
588 2316 634 2395 τῷ
659 2307 695 2372 ἐκ
717 2318 785 2373 τῶν
803 2308 974 2394 τεσσάρων
992 2323 1081 2371 στοι-

73 2417 172 2498 χείων
199 2420 399 2497 συγκεῖσθαι
427 2412 538 2497 λέγειν
564 2415 605 2478 τά
627 2415 775 2481 σύνθετα
798 2417 942 2498 σώματα,
965 2416 999 2477 τί
1019 2436 1081 2477 κω-

73 2522 146 2585 λύει
169 2518 224 2585 καὶ
249 2521 351 2586 ἀλλον
373 2522 435 2604 τὴν
457 2519 532 2606 περὶ
555 2523 634 2598 τοὺς
657 2507 778 2605 λόγουςΙ
802 2521 912 2585 αὐτῶν
931 2519 1080 2603 ἀγνωμο-

74 2628 181 2709 σύνην
201 2627 408 2711 μιμούμενον
427 2628 587 2710 συνάγειν
606 2626 775 2712 ἐντεῦθεν,
799 2628 858 2712 ὡς,
882 2629 911 2692 εί
933 2629 994 2710 την
1017 2636 1080 2710 γῆν

73 2732 300 2816 ἀμετάβλητον
328 2729 416 2799 εἷναί
435 2751 540 2817 φησιν
562 2733 581 2799 ὁ
606 2735 758 2818 Πλάτων,
782 2734 844 2799 οὐκ
867 2735 930 2818 ἀρα
954 2732 1079 2798 ἐκτῶν
1092 2757 1118 2797 ιο

72 2840 241 2926 τεσσάρων
271 2834 357 2904 εἶναι
387 2844 559 2924 στοιχείων
588 2841 629 2905 τά
657 2842 805 2906 σύνθετα
836 2842 991 2923 βούλεται
1019 2841 1079 2905 σάν

71 2970 171 3029 ματα,
199 2944 262 3010 κάν
289 2956 387 3010 τοῦτο
416 2947 499 3032 δοκῇ
527 2945 637 3030 λέγειν
666 2947 723 3012 διά
752 2956 809 3031 τῆς
839 2943 968 3025 λέξεως;
1006 2943 1075 3012 ἀλλ’

72 3046 163 3136 οἶμαι
191 3052 229 3116 τὸ
257 3062 390 3118 τοιοῦτο
418 3063 485 3117 τῶν
512 3055 622 3136 λόγων
645 3048 734 3130 εἶδος
756 3052 777 3136 ἣ
799 3056 967 3129 παντελῶς
991 3050 1081 3116 ἐστιν

72 3161 276 3241 φιλονείκων
306 3157 327 3242 ἢ
359 3160 553 3243 φιλούντων
583 3164 711 3243 μᾶλλον
741 3170 799 3244 τῆς
830 3157 989 3242 ἀληθείας
1020 3159 1080 3223 τὸν

72 3265 249 3329 Πλάτωνα·
286 3269 321 3330 τί
340 3267 404 3350 γάρ
428 3266 550 3330 κωλύει
572 3264 627 3331 καὶ
651 3265 789 3332 ἕκαστον
811 3268 913 3351 ταύτη
936 3275 974 3351 τῇ
997 3273 1079 3350 μεθ-
1092 3290 1118 3332 τι

71 3372 139 3458 όδφ
168 3372 349 3455 χρώμενον,
378 3371 458 3458 ὅπερ
486 3370 541 3436 καί
568 3375 732 3459 πρότερον
755 3377 900 3456 είτιομεν,
926 3375 1080 3454 συλλογί-

70 3482 200 3561 ζεσθαι,
238 3478 282 3555 ῶς
319 3476 431 3555 οὐδεὶς
468 3478 679 3544 οὐδεπώποτε
715 3479 791 3543 οὔτε
827 3489 894 3542 τῶν
929 3482 1080 3543 παλαιῶν

69 3585 148 3648 ούτε
172 3594 239 3648 τῶν
262 3593 328 3648 νῦν
349 3585 456 3667 ψευδῆ
480 3583 555 3671 περὶ
578 3595 646 3649 τῶν
666 3585 867 3671 πραγμάτων
886 3587 980 3670 ἔσχεν
997 3585 1080 3650 ὑπό-

143 3852 182 3900 10.
204 3846 237 3901 τί,
254 3864 319 3916 pag.
340 3851 399 3917 356,
416 3852 449 3901 19
464 3866 505 3919 sq.
613 3854 659 3905 24.
678 3846 873 3921 ‹ptkovsimss
887 3851 1059 3917 φιλουειιου
1071 3838 1116 3888 Ἄ

134 3922 173 3968 ιο,
190 3933 256 3985 pag.
272 3923 332 3985 ιοο,
349 3922 384 3971 τε
