2394 4208
811 40 814 45 “
884 40 891 69 1

10 39 868 353 -
886 104 889 117 Ι

114 546 153 600 vl
168 547 214 619 19]
379 546 427 601 ΒΕ
446 500 703 603 ΑΕΤΠΒΝΙΤΑΤΕ
721 546 842 602 MVNDI
1056 545 1119 611 181

114 708 169 776 καί
191 711 292 775 πάλιν
314 721 382 774 τῶν
404 713 511 776 ὅντων
533 713 573 776 τὰ
594 707 656 794 μὲν
679 711 794 787 οὐσίας
817 706 902 775 εἶναι
925 711 965 774 τά
983 705 1020 774 δὲ
1039 727 1121 794 συμ-

113 818 284 899 βεβηκότα.
330 816 392 881 ούκ
419 819 483 901 ἀρα
510 814 590 882 οὐδὲ
617 826 662 904 τῷ
693 825 820 903 γενητῷ
847 814 916 880 κατ’
944 817 1054 880 αἰτίαν
1082 816 1120 881 τὸ

115 925 198 986 κατά
229 925 352 1008 χρόνον
384 921 545 1007 ἀγένητον
577 923 912 1008 ἀντιδιαιρεθήσεται,
946 923 1044 1005 διότι,
1077 923 1122 998 ὡς

114 1025 220 1111 εἷπον,
244 1028 281 1093 ἰν
302 1036 349 1115 τῷ
371 1027 440 1093 κατ’
469 1032 579 1095 αἰτίαν
601 1033 706 1113 μόνον
729 1037 855 1116 γενητῷ
874 1027 1122 1112 συμπεριέχεται

113 1136 151 1199 τὸ
180 1137 262 1199 κατὰ
289 1138 411 1221 χρόνον
438 1134 607 1219 ἀγένητον.
653 1136 704 1201 ότι
731 1132 768 1200 δὲ
791 1134 811 1218 ἢ
834 1138 936 1219 μόνος
959 1134 1078 1218 σχεδὸν
1100 1133 1161 1216 ἦε

114 1251 243 1325 πρῶτος
271 1240 289 1305 ὁ
314 1242 458 1306 Πλάτων
485 1252 524 1327 τῇ
547 1241 697 1328 ἀκριβείᾳ
719 1252 776 1325 τῆς
800 1242 999 1327 διαιρετικῆς
1022 1242 1122 1323 μεθό·

10 1327 19 1341 ’
115 1348 178 1411 δον
198 1345 378 1429 ἐπέβλεψεν
396 1345 528 1432 ἐξυμνεί
545 1371 580 1412 τε
599 1348 702 1431 αὐτὴν
720 1347 774 1412 καί
797 1348 942 1432 θριγκὸν
965 1346 1123 1411 ἀποκαλεῖ

115 1457 317 1537 φιλοσοφίας
335 1451 500 1537 μέμφεταί
515 1477 550 1519 τε
568 1464 638 1531 τοῖς
656 1465 766 1520 κακῶν
783 1458 950 1539 μαγείρων
969 1453 1122 1540 (τρόπῳ)

114 1562 158 1644 μὴ
186 1558 256 1624 κατ’
284 1562 396 1644 ἀρθρα
422 1562 483 1643 τὴν
509 1562 614 1645 τομὴν
641 1572 709 1625 τῶν
737 1561 938 1644 πραγμάτων
967 1558 1128 1644 ποιονμέῶ

117 1691 204 1749 νοις,
233 1671 266 1730 τί
290 1689 331 1750 με
359 1668 410 1732 δεῖ
437 1668 598 1751 μηκύνειν
621 1669 660 1731 τά
682 1675 837 1751 προφανῆ
862 1667 1032 1730 δεικνύναι
1054 1688 1123 1730 πει·
1137 1691 1164 1731 ιο

115 1775 281 1858 ρώμενον;
314 1773 364 1837 ότι
393 1769 430 1837 δὲ
460 1771 659 1838 ἀντιδιεῑλεν
686 1772 841 1855 ἀλλήλοις
870 1774 907 1836 τό
938 1793 972 1834 τε
1002 1771 1124 1854 νοητὸν

115 1878 169 1942 καί
198 1880 236 1942 τὸ
264 1880 427 1963 αἰσθητὸν
454 1879 510 1944 καὶ
537 1881 574 1944 τὸ
603 1879 643 1945 δν
668 1878 723 1945 καί
745 1880 782 1943 τὸ
805 1880 849 1962 μὴ
873 1881 923 1961 όν,
947 1875 994 1942 ἐπ’
1024 1878 1124 1962 αὐτῆς

116 1995 173 2069 τῆς
208 1983 323 2062 λέξεως
358 1985 376 2051 ό
408 1986 551 2051 Πλάτων
581 1992 724 2072 είρηκεν·
755 1984 870 2051 “ε”στιν’
900 1984 977 2068 γάρ,
1010 1987 1124 2067 φησίν,

115 2090 197 2157 ‘xm’
227 2091 308 2176 ε’μὴν
336 2090 437 2169 δόξαν
464 2103 596 2177 πρῶτον
626 2091 810 2176 διαιρετέον
839 2093 930 2157 τάδε·
960 2093 994 2154 τί
1018 2091 1055 2154 τὸ
1084 2089 1124 2154 ὂν

116 2197 177 2280 ἀεί,
202 2197 334 2281 γένεσιν
358 2195 394 2263 δί
418 2199 479 2263 οὐκ
503 2203 589 2284 ἔχον,
608 2197 663 2263 καί
686 2203 721 2263 τί
741 2200 778 2263 τὸ
802 2202 980 2282 γινόμενον
1003 2196 1064 2280 ἀεί,
1083 2195 1124 2260 ὃν
1138 2220 1163 2262 ιτ

116 2301 153 2369 δὲ
182 2303 350 2369 οὐδέποτε.
395 2306 433 2369 τὸ
461 2301 523 2389 μὲν
550 2305 591 2389 δὴ
619 2309 732 2388 νοησει
759 2306 840 2389 μετά
867 2307 969 2387 λόγου
992 2307 1124 2389 περιλη-

115 2413 211 2493 πτόν,
234 2412 271 2474 τὸ
291 2409 321 2476 δ’
341 2406 383 2476 αὖ
403 2410 482 2497 δόξη
500 2409 568 2495 μετ’
587 2413 773 2496 αἰσθήσεως
796 2411 920 2494 ἀλόγου
944 2407 1124 2487 δοξαστόν’.

116 2519 198 2583 ὥστε
228 2517 289 2582 οὐκ
317 2516 359 2582 ἀν
385 2516 462 2602 περὶ
489 2519 549 2601 τὴν
576 2517 816 2602 ἀντιδιαίρεσιν
842 2526 903 2582 τοῦ
926 2525 1066 2601 γενητοῦ
1089 2538 1124 2580 τε

116 2622 170 2689 καί
195 2623 357 2708 ἀγενήτου
381 2625 561 2710 διήμαρτεν
584 2624 601 2689 δ
622 2626 764 2690 Πλάτων
787 2623 967 2701 ἀντιτνθείς
985 2631 1031 2711 τῷ
1050 2619 1120 2687 κατ’

117 2733 227 2796 αἰτίαν
258 2733 363 2814 μόνον
395 2728 450 2794 καί
482 2729 523 2795 οὐ
554 2732 636 2794 κατά
668 2734 790 2815 χρόνον
822 2739 948 2818 γενητῷ
977 2730 1015 2795 τὸ
1043 2731 1124 2794 κατά
1138 2754 1165 2794 ιο

117 2841 242 2924 χρόνον
264 2836 320 2902 καί
343 2837 384 2901 οὐ
407 2834 476 2900 κατ’
504 2838 613 2901 αἰτίαν
636 2836 806 2920 ἀγένητον.
852 2837 914 2922 δρα
937 2846 1031 2920 γοῦν,
1054 2847 1124 2914 πῶς

116 2942 171 3009 καί
210 2943 246 3008 ἐν
282 2945 412 3020 τούτοις
448 2945 509 3027 τὴν
541 2942 715 3007 ἀντίθεσιν
747 2942 784 3008 ἰν
815 2942 1013 3027 μαχομένοις
1042 2943 1124 3007 κατά

116 3053 225 3115 πάντα
247 3053 432 3132 πεποίηται·
457 3048 617 3133 ἀντέθηκε
636 3050 699 3133 γάρ
718 3056 765 3135 τῷ
783 3044 845 3133 μὲν
863 3050 935 3114 όντι
953 3049 990 3112 τὸ
1009 3050 1053 3132 μὴ
1073 3051 1123 3132 όν,

116 3165 162 3244 τῷ
187 3152 224 3220 δί
247 3155 302 3220 ἀεί
320 3157 358 3219 τὸ
382 3154 553 3221 οὐδέποτε·
577 3153 630 3219 καί
655 3152 767 3237 ἐπειδὴ
790 3155 827 3218 τὸ
852 3154 892 3219 ὃν
915 3154 955 3219 ού
978 3155 1015 3218 τὸ
1035 3153 1123 3218 ἀντι-

117 3260 320 3348 διηρημένον
342 3269 388 3348 τῷ
411 3247 543 3346 μηδαμῇ
565 3262 725 3345 μηδαμῶς
745 3263 817 3326 όντι
841 3264 945 3344 φησίν
971 3259 1032 3347 (τῷ
1059 3261 1122 3345 γάρ
1136 3283 1162 3324 ιτ

118 3369 205 3434 οὕτω
228 3369 272 3451 μὴ
296 3369 368 3433 όντι
392 3367 428 3432 τὸ
453 3366 563 3443 ἁπλῶς
587 3367 742 3433 ὁπωσοῦν
766 3366 802 3431 ἐν
819 3365 956 3453 ὑπάρξει
976 3365 1016 3430 ὃν
1035 3364 1123 3430 ἀντί-

189 3602 213 3650 4.
233 3600 377 3665 pag.180‚
398 3599 430 3648 16
540 3599 563 3649 ’1.
582 3596 635 3718 τηρ]
655 3595 683 3647 Μ
790 3594 862 3649 Plat.
883 3594 951 3664 reip.
970 3593 1022 3647 VII
1041 3591 1121 3646 534ss

189 3673 213 3720 8.
234 3666 360 3738 [τοιςῙΜ
413 3663 506 3737 τρόπῳ
521 3664 584 3720 add.
622 3665 897 3721 1οι.Ρ1ωοι.εοσΕ
954 3670 1122 3719 10.11.πει-

119 3791 237 3841 ρομενον
256 3772 284 3824 M
362 3778 403 3826 11.
423 3739 584 3841 απιδιῆβεν
601 3771 630 3824 Μ
649 3771 857 3846 (ἀντιδιῄρηκεν
875 3775 921 3845 ηδ
992 3776 1042 3825 m.
1055 3769 1137 3824 Ἐοτιο

119 3840 170 3899 οὖν
188 3844 223 3911 δὴ
241 3842 311 3896 ΡΙοί,
334 3841 399 3896 Tim.
421 3843 485 3896 271)
566 3848 608 3899 15.
631 3865 767 3918 γινμενον
784 3846 818 3903 M
904 3841 1081 3920 *γιγνόμενοο
1103 3837 1157 3908 ὼ

109 3913 178 3963 Παλ
252 3918 290 3963 16.
313 3917 352 3966 17.
373 3916 548 3986 περιληπτὸν
564 3917 612 3975 ἀεὶ
632 3921 710 3979 κατὰ
730 3922 827 3982 ταύτὰ
849 3922 896 3995 δν,
915 3921 949 3978 τὶ)
964 3916 1054 3974 PX&
