2394 4208
77 591 166 645 xvm
181 594 209 664 ι]
341 590 390 645 νο
407 591 667 648 mmmmm,
685 591 808 648 mm
1022 590 1086 655 629

145 752 185 826 ς’.
218 753 285 819 Καὶ
316 751 470 842 αύτόλθεν
499 753 529 820 δ’
560 756 682 832 άτοκος
711 755 731 838 η
759 756 894 839 τοιαύτη
924 755 1005 820 ὑπό·
1029 771 1138 812 fol-2⁶21·

78 866 182 935 θεσις.
228 862 257 924 εί
280 862 343 946 γὰρ
366 863 410 944 μη
435 859 478 925 δι’
502 859 623 926 ἑαυτὸν
645 864 701 946 ἔχη
726 860 744 925 6
767 864 891 946 κόσμος
912 864 950 927 τὸ
970 864 1086 926 ἀλλοτε

78 968 185 1042 άλλως
208 969 305 1050 ἔχειν,
328 967 437 1052 ὥσπερ
461 968 501 1031 τὰ
522 969 640 1054 μερικά
662 965 717 1031 καὶ
740 977 800 1032 τοῦ
823 975 908 1032 θεοῦ
931 969 1087 1045 ὡσαύτως

78 1076 212 1157 ἔχοντος
240 1071 275 1136 ἐκ
302 1082 360 1154 τῆς
389 1075 511 1150 οἰκείας
534 1074 667 1156 φύσεως
690 1075 755 1156 ἔχει
779 1073 816 1137 τὸ
841 1075 957 1140 ἀλλοτε
980 1077 1087 1152 άλλως

78 1183 180 1263 ἔχειν,
213 1176 283 1242 ἀλλ’
317 1176 352 1242 ἐκ
383 1188 441 1261 τῆς
473 1178 558 1263 πρὸς
588 1179 649 1243 τὸν
680 1180 765 1243 θεὸν
797 1178 938 1263 σχέσεως
970 1182 1086 1246 ἀλλοτε
1114 1207 1127 1247 ε

78 1288 185 1362 άλλως
209 1289 273 1369 ἔχει
298 1284 316 1349 6
340 1286 476 1368 κόσμος,
495 1287 637 1370 πότερον
660 1285 760 1362 αὐτὸς
782 1287 865 1350 κατὰ
887 1288 949 1369 την
967 1284 1087 1352 ἑαυτοῦ

78 1394 185 1477 φύσιν
208 1391 444 1474 ἐκινοούμενος
463 1390 481 1455 6
500 1394 623 1475 κόσμος
646 1392 726 1456 ἀνευ
750 1401 807 1476 τῆς
825 1393 909 1478 πρὸς
926 1394 986 1458 τὸν
1003 1395 1088 1458 θεὸν

78 1498 218 1583 σχέσεως
240 1508 308 1561 τῶν
331 1496 381 1561 ἀεὶ
401 1497 557 1574 ὡσαύτως
576 1496 719 1581 ἐχόντων
738 1497 829 1563 ἐστὶν
846 1497 867 1582 ἣ
886 1510 953 1564 τῶν
971 1501 1088 1564 ἀλλοτε

78 1607 184 1681 άλλως
214 1606 324 1690 ὥσπερ
353 1605 393 1668 τὰ
420 1605 552 1689 μερικά;
589 1606 618 1669 ελ
641 1606 704 1690 γάρ
727 1603 782 1669 καὶ
805 1603 968 1689 μηδέποτε
991 1631 1088 1691 χωρι-

79 1720 202 1795 σθῆναι
230 1721 291 1776 τοῦ
319 1715 446 1795 κόσμου
474 1711 534 1775 τὸν
560 1712 645 1777 θεὸν
668 1709 848 1796 ἐνδέχεται,
876 1711 938 1789 ἕως
961 1710 1003 1776 ἀν
1025 1705 1046 1796 ᾗ
1070 1711 1129 1778 ὁιο

78 1822 216 1902 κόσμος,
253 1818 355 1884 οὐδέν
387 1841 424 1902 γε
456 1820 596 1902 άτοκον,
633 1817 713 1904 ὅπερ
751 1819 850 1896 αὐτὸς
883 1819 901 1884 6
935 1820 1089 1906 Πρόκλος

80 1926 200 2010 ἀρτίως
223 1932 364 2011 εἴρηκεν,
387 1924 442 1989 καὶ
465 1927 505 1988 τά
528 1925 594 2009 ἅμα
617 1926 698 1990 ὄντα
720 1929 872 2011 χωρίζειν
889 1935 929 2011 τῇ
949 1924 1088 2011 ἐπινοίη,

79 2033 135 2097 ἵνα
157 2033 353 2116 κατίδωμεν,
380 2036 415 2096 τί
439 2027 501 2115 μὲν
525 2030 560 2095 ἐκ
583 2041 641 2115 τῆς
665 2028 784 2096 ἑαυτοῦ
809 2033 942 2116 φύσεως
965 2031 1088 2119 ἑκάστω

79 2142 266 2223 πρόσεστιν,
295 2143 329 2202 τί
350 2134 387 2203 δὲ
411 2137 447 2202 ἐκ
469 2148 527 2221 τῆς
549 2139 633 2224 πρὸς
656 2139 693 2201 τὸ
717 2149 869 2226 κρεῖττον
891 2135 1088 2214 συντάξεως·

80 2246 159 2329 ὅπερ
193 2243 248 2308 καὶ
281 2244 298 2308 6
329 2245 471 2309 Πλάτων
503 2244 540 2309 ἐν
571 2253 616 2333 τςό
648 2249 808 2332 πολιτικῷ
840 2248 998 2328 πεποίηκε
1029 2245 1089 2309 τὸν
1103 2269 1128 2310 ιο

79 2351 163 2413 θεὸν
186 2347 255 2412 κατ’
280 2348 432 2413 ἐπίνοιαν
453 2360 514 2415 τοῦ
537 2351 663 2434 κόσμου
687 2354 830 2436 χωρίσας
858 2350 913 2416 καὶ
940 2353 980 2415 τά
1007 2367 1088 2435 συμ-

80 2459 240 2537 βαίνοντα
262 2464 307 2541 τῷ
331 2457 443 2544 κόσμῳ
467 2455 503 2520 ἐκ
525 2466 584 2541 τῆς
602 2456 706 2521 αὐτοῦ
725 2458 857 2540 φύσεως
876 2459 1088 2542 κατανοήσας.

81 2561 149 2626 ἐπεὶ
179 2556 241 2626 οὖν
269 2561 331 2626 οὐκ
359 2564 484 2627 ἀτοπον
507 2564 544 2628 τὸ
568 2572 733 2646 τοιοῦτον,
757 2563 986 2647 ἐκινενοήσθω
1009 2564 1089 2648 ἡμῖν

80 2669 179 2744 αὐτὸς
201 2666 279 2731 καθ’
303 2667 423 2732 ἑαυτὸν
446 2670 526 2733 ἀνευ
550 2678 611 2734 τοῦ
633 2676 718 2734 θεοῦ
743 2669 760 2734 6
779 2673 911 2754 κόσμος.
948 2673 1089 2757 πότερον

80 2769 143 2838 οὖν
173 2774 271 2851 αὐτὸς
301 2776 382 2839 κατὰ
411 2775 472 2857 τὴν
503 2773 623 2841 ἑαυτοῦ
654 2776 760 2859 φύσιν
787 2777 824 2841 τὸ
854 2775 904 2841 ἀεὶ
933 2777 1088 2853 ὡσαύτως
1102 2802 1130 2842 εο

80 2877 164 2944 εἶναι
192 2883 257 2964 ἔχει
288 2879 308 2962 ἢ
332 2881 369 2945 τὸ
394 2879 632 2965 ἀντικείμενον,
659 2880 743 2964 λέγω
768 2881 808 2964 δὴ
832 2882 869 2946 τὸ
893 2881 1010 2945 ἀλλοτε
1033 2883 1089 2946 ἀλ-

80 2993 158 3066 λως;
181 2986 307 3069 ἀνάγκη
332 2988 394 3072 γὰρ
418 2998 486 3051 τῶν
509 2987 572 3051 δύο
597 2987 715 3051 δοῦναι
734 2988 771 3052 τὸ
791 2987 916 3073 ἕτερον,
935 2987 1016 3052 ὅσον
1035 2986 1088 3053 ἐπὶ

79 3105 151 3170 ταῖς
179 3104 300 3177 σοφαῖς
328 3094 462 3170 ταύταις
489 3091 707 3158 ὑποθέσεσιν·
744 3095 773 3158 εί
801 3094 864 3179 γάρ
892 3095 932 3158 τὰ
961 3094 1088 3179 μερικά,

79 3203 123 3276 ὡς
152 3217 256 3284 φησιν
284 3199 302 3264 ὁ
327 3202 495 3284 Πρόκλος,
524 3200 607 3264 αὐτὰ
634 3199 669 3264 ἐκ
697 3210 753 3284 τῆς
782 3198 910 3265 ἑαυτῶν
935 3203 1000 3284 ἔχει
1025 3201 1089 3283 φύ-

79 3328 161 3384 σεως
184 3308 221 3371 τὸ
246 3307 362 3370 ἀλλοτε
386 3308 492 3382 άλλως
516 3309 613 3390 ἔχειν,
637 3304 840 3391 ἀνάγκηκαὶ
866 3304 919 3370 ἐπὶ
946 3316 1006 3370 τοῦ
1034 3309 1087 3370 κό-
1102 3332 1130 3372 εσ

80 3434 165 3498 σμου
195 3417 316 3496 ζητεῖν,
343 3423 442 3477 ποῖον
471 3413 558 3499 αὐτῷ
587 3414 707 3498 μόριον
734 3423 791 3497 της
819 3412 1025 3497 ἀντιφάσεως
1053 3412 1088 3477 ἐκ
1178 3428 1182 3433 “

78 3532 135 3604 τῆς
159 3520 262 3584 αὐτοῦ
285 3520 465 3603 πρόσεστιν
487 3520 631 3603 φύσεως·
667 3519 687 3602 ἢ
711 3522 774 3606 γὰρ
797 3522 834 3585 τὸ
859 3518 910 3584 ἀεὶ
933 3521 1088 3596 ὡσαύτως

79 3632 167 3711 ἔχειν
194 3625 213 3708 ἢ
242 3627 280 3689 τὸ
308 3627 351 3709 μὴ
376 3625 427 3690 ἀεὶ
451 3628 606 3702 ὡσαύτως
630 3630 717 3710 ἔχειν
740 3624 811 3690 ἀλλ’
834 3627 950 3690 ἀλλοτε
974 3629 1087 3702 ἄλλως.

152 3823 192 3873 10.
212 3819 244 3886 ἠϊ
260 3817 290 3870 in
308 3833 396 3887 marg.
416 3817 505 3887 suppl.
525 3817 554 3870 M
572 3821 653 3888 (aser.
672 3820 757 3888 ζητει)
836 3825 882 3871 λλ.
897 3824 1100 3886 mmm&

156 3895 196 3943 13.
217 3889 367 3956 κατϊόομεν
383 3888 414 3942 Μ
433 3892 480 3960 (cr.
500 3891 530 3961 p)
635 3889 672 3948 οἱ,
688 3895 876 3962 pag.5'6'1,‘2
974 3880 1129 3935 xbffi‘&

67 3959 175 4025 politic.
198 3959 280 4011 2726·
353 3965 393 4016 19,
417 3962 565 4035 κ[ο]σμος,
584 3980 620 4021 ex
640 3985 679 4036 ω,
693 3963 733 4018 M
