2394 4208
45 110 58 117 >s
137 105 140 109 ’
896 52 984 124 -

744 135 764 144 1*
814 144 835 153 .-

54 365 121 421 112.
137 367 167 439 8]
190 416 192 421 .
332 366 379 420 DE
397 366 657 423 AETERNI'I'ATE
675 367 796 422 MVNDI
1024 371 1067 434 33

55 539 116 613 τῆς
137 527 214 614 περὶ
236 540 304 595 τῶν
327 530 426 596 ἰδεῶν
448 528 643 608 ὑποθέσεως
666 530 684 596 ὁ
704 533 858 617 Πρόκλος
879 533 1068 616 δονήσεται,

57 637 104 713 ὡς
124 635 144 701 δ
164 637 289 720 κόσμος
308 633 341 713 ἐξ
359 635 472 702 ὐιδίον
491 643 537 724 τῷ
556 638 667 724 οἰκείῳ
686 636 873 720 ὑφέστηκεν
890 639 1068 723 παραδείγ-

55 765 145 826 ματι,
171 739 245 807 οὐδ’
269 741 319 807 ὅτι
344 743 488 807 Πλάτων
510 743 567 807 διὰ
589 743 626 806 τὸ
649 744 707 820 τὰς
730 741 821 820 ἰδέας
842 743 1067 810 ὑποτίθεσθαι

55 847 112 915 καί
135 848 248 914 ἀίδιον
270 843 356 913 εἶναι
377 849 437 913 τὸν
454 850 582 932 κόσμον
600 847 692 935 ᾤετο.
729 848 812 935 ἆρχη
831 846 868 916 δὲ
886 850 966 935 ἡμῖν
985 854 1068 917 ἔστω

55 967 124 1021 τῶν
147 953 292 1040 έίέγχων
313 955 381 1039 ἥδε.
1093 981 1108 1028 η

124 1059 167 1146 γ’.
197 1063 261 1139 Τὰς
284 1060 375 1138 ἰδέας
396 1072 464 1127 τῶν
481 1063 654 1145 αἰσθητῶν
671 1065 745 1146 ἤτοι
763 1064 803 1127 τὰ
821 1065 1069 1149 παραδείγματα

56 1168 78 1252 ἣ
102 1169 219 1246 οὐσίας
241 1163 328 1234 εἶναι
351 1166 476 1251 ἀνάγκη
500 1167 520 1251 ἢ
540 1168 602 1233 οὐκ
621 1169 745 1246 οὐσίας.
791 1170 822 1235 εἰ
839 1165 901 1253 μὲν
920 1165 983 1235 οὐν
1001 1167 1070 1235 εἰεν

57 1277 182 1359 οὐσίαι,
200 1277 246 1351 ὡς
257 1275 413 1340 Πλάτωνι
427 1275 519 1340 δοκεῖ
531 1313 573 1322 -
588 1275 628 1340 οὐ
644 1277 706 1361 γὰρ
721 1278 827 1358 μόνον
840 1275 967 1359 οὐσίας,
986 1276 1069 1342 ἀλλὰ

55 1381 110 1448 καί
135 1384 268 1467 πρώτας
290 1381 408 1458 οὐσίας
429 1381 531 1459 αὐτὰς
553 1377 643 1447 εἷναί
660 1399 778 1465 φησιν·
803 1382 882 1448 αὐτὸ
902 1385 965 1469 γὰρ
985 1388 1069 1472 ζῷον

55 1488 111 1556 καί
135 1484 294 1566 παντελὲς
322 1492 407 1576 ζῷον
433 1492 527 1555 καλεῖ
552 1490 590 1553 τὸ
619 1497 680 1553 τοῦ
706 1491 834 1572 κόσμου
861 1490 1069 1575 παράδειγμα
1082 1519 1109 1560 ιο

57 1595 113 1662 καὶ
136 1598 241 1673 ὄντος
265 1594 306 1661 δν
327 1594 382 1661 καί
402 1594 452 1661 &si
471 1597 553 1661 κατὰ
571 1597 611 1660 τὰ
629 1595 713 1660 αὐτὰ
730 1592 786 1659 καί
805 1595 961 1672 ὡσαύτως
980 1599 1069 1680 ἔχον·

58 1701 116 1768 καί
139 1703 257 1780 ἄλλως·
280 1703 310 1768 εἰ
331 1702 353 1786 ἡ
376 1711 437 1768 τοῦ
454 1703 720 1788 παραδείγματος
738 1702 838 1767 εἰκὼν
856 1701 1069 1767 αὐθνπόστα-

58 1811 117 1888 τός
138 1807 177 1874 τέ
195 1809 287 1875 ἐστιν
309 1807 364 1874 καί
387 1807 497 1892 οὐσία,
520 1812 632 1895 πολλῷ
655 1812 784 1892 μᾶλλον
801 1807 882 1872 αὐτὸ
901 1806 944 1872 &v
963 1813 1012 1892 εἰη
1031 1809 1069 1873 τὸ

57 1914 244 2001 ἀρχέτυπον
258 1915 358 1981 οὐσία
374 1938 409 1980 τε
428 1913 483 1980 καί
502 1914 762 1980 αὐθυπόστατον
775 1952 818 1961 -
834 1916 863 1978 εί
881 1918 999 1979 τοίνυν
1013 1915 1070 1979 οὐ-

58 2026 128 2089 σίαι
151 2017 221 2087 εἶεν
243 2024 284 2087 τὰ
305 2023 392 2106 είδη,
420 2022 539 2106 δῆλον,
567 2022 611 2098 ὡς
638 2021 700 2085 οὐκ
728 2020 765 2086 έν
788 2018 897 2105 σχέσει
924 2030 963 2106 τῇ
986 2023 1070 2107 πρὸς
1085 2047 1110 2089 ιε

59 2131 183 2211 (ἄλλο)
197 2130 300 2194 ἄλλον
315 2130 477 2213 δεόμενον
495 2129 543 2204 εἰς
560 2126 703 2213 ὕπαρξιν
720 2128 758 2192 τὸ
778 2122 863 2192 εἰναι
883 2130 962 2211 ἔχει·
985 2128 1070 2193 αὐθ-

58 2238 248 2301 νκόστατον
270 2236 333 2321 γάρ
356 2258 388 2299 τι
412 2244 519 2321 χρῆμα
541 2234 561 2317 ἡ
588 2234 687 2299 οὐσία
712 2232 767 2299 καί
793 2234 931 2312 οὐδενὸς
957 2236 1070 2299 ἄλλον.

60 2343 87 2406 εἰ
110 2336 175 2407 οὖν
198 2341 233 2404 αἰ
256 2339 414 2424 αἰσθηταὶ
438 2340 551 2406 οὐσίαι
577 2339 632 2405 καί
660 2341 786 2417 εἰκόνες
814 2339 951 2406 ἐκείνων
973 2338 1070 2404 αὐταί

60 2445 135 2513 καθ’
158 2447 261 2523 αὑτὰς
282 2447 511 2531 ὑφεστήκασιν
538 2446 600 2513 οὐκ
628 2445 665 2512 έν
688 2446 797 2531 σχέσει
820 2457 859 2533 τῇ
882 2448 966 2532 πρὸς
989 2446 1069 2510 ἄλλο

60 2557 95 2619 τὸ
120 2550 206 2619 εἶναι
230 2555 380 2638 ἔχουσαι,
407 2553 525 2637 ἥκιστά
548 2575 585 2636 γε
612 2555 646 2618 αἰ
673 2565 799 2639 πρῶται
828 2552 882 2619 καὶ
910 2550 961 2616 ἀεί
989 2554 1071 2616 κατὰ
1084 2579 1111 2619 ιο

61 2663 98 2725 τὰ
121 2660 205 2726 αὐτοὶ
227 2658 283 2724 καί
306 2660 462 2737 ὡσαύτως
485 2662 620 2745 ἔχουσαι
643 2659 681 2724 έν
701 2670 740 2746 τῇ
759 2661 843 2746 πρὸς
860 2661 941 2723 mo
961 2656 1069 2742 σχέσει

61 2768 94 2831 τὸ
118 2761 205 2831 εἰναι
234 2768 350 2850 ἔχοιεν.
396 2767 425 2831 εἰ
453 2768 517 2852 όίρα
545 2766 644 2831 οὐσιά
672 2764 763 2831 έστίν
789 2767 827 2830 τὸ
855 2773 915 2830 τοῦ
941 2768 1069 2848 κόσμου

60 2873 281 2958 παράδειγμα,
308 2870 385 2938 ὥστ’
408 2871 451 2937 ἂν
477 2871 554 2938 καθ’
578 2872 658 2937 αὑτὸ
687 2871 741 2936 καί
770 2872 832 2936 οὐκ
860 2870 896 2936 έν
923 2882 962 2957 τῇ
987 2873 1070 2958 πρὸς

61 2980 140 3045 ἄλλο
164 2977 275 3065 σχέσει
297 2979 335 3043 τὸ
359 2975 445 3044 εἶναι
469 2981 546 3062 ἔχοι.
592 2980 622 3043 εἰ
646 2974 683 3044 δὲ
705 2979 749 3062 μὴ
774 2976 811 3042 έν
828 2987 868 3064 τῇ
886 2979 969 3064 πρὸς
987 2980 1069 3042 ἄλλο

61 3085 168 3170 σχέσει
191 3085 229 3149 τὸ
253 3081 339 3150 εἶναι
362 3087 431 3171 ἔχη,
454 3084 516 3150 οὐκ
539 3086 603 3171 όίρα
625 3086 723 3149 τοῦτό
752 3083 844 3149 ἐστιν
866 3085 955 3172 αὐτῷ
979 3086 1015 3147 τὸ
1038 3087 1073 3147 τί
1084 3110 1110 3151 ω

60 3187 100 3274 ἦν
114 3187 201 3257 εἶναι
215 3193 252 3256 τὸ
266 3192 506 3276 παραδείγματι
526 3187 625 3256 εἶναι·
645 3189 650 3276 1
670 3192 707 3255 τὸ
727 3192 790 3276 γὰρ
807 3193 1016 3277 παράδειγμα
1026 3215 1065 3255 τοι.
1075 3217 1126 3256 ur.

133 3391 156 3439 l.
177 3385 266 3453 δονησ
299 3404 328 3437 αι
344 3382 373 3436 Μ
387 3386 497 3506 gapt)
557 3389 581 3436 2.
601 3383 664 3437 fort.
680 3380 885 3452 σνννφέστηκεν
944 3388 968 3436 8.
987 3381 1071 3436 Plato

80 3454 180 3522 assim,
203 3454 239 3508 cf.
284 3452 290 3464 '
323 3458 379 3507 .28

61 3471 101 3580 ἰό.
120 3525 187 3580 ἄλλο
211 3524 330 3592 inserui3
358 3523 420 3579 fort.
444 3524 576 3578 ἅίἰοο-
590 3522 710 3592 ὓπαρξιν
734 3525 787 3579 del.
808 3528 837 3578 et
860 3524 908 3577 lin.
930 3529 962 3577 17
991 3525 1071 3577 οὐδε-

62 3595 108 3658 νός
125 3596 211 3652 ἄλλον
230 3595 385 3668 <δεόμενον
404 3596 444 3658 εἰς
462 3593 604 3669 ὐπαρξιν>
624 3595 705 3651 scrib.
726 3594 844 3668 (alioqui
858 3594 945 3654 scrib.
958 3597 1011 3653 καὶ
1026 3597 1084 3668 (οὐ

63 3665 215 3740 δεόμενον)
234 3666 350 3728 οὐδενός
365 3666 459 3735 ἄλλον)
530 3673 571 3723 23.
593 3686 649 3726 ωστ
668 3670 706 3743 Μ,
727 3670 762 3730 cf.
782 3675 811 3745 t3
832 3673 870 3740 ὡς
888 3692 924 3747 93
944 3674 1103 3745 mmm

58 3737 168 3800 μάλιστ’
229 3739 297 3804 [οὐκ
313 3752 347 3787 εν
363 3737 410 3806 τίη
427 3737 464 3807 M,
484 3738 515 3794 in
534 3759 626 3818 marg.
648 3748 728 3823 ζητει

92 3827 199 3867 Imm
209 3830 366 3874 Pmomm
377 3835 414 3876 od.
429 3839 470 3878 Ba
478 3841 518 3885 bo.
926 3853 946 3903 ρ)

414 3497 419 3508 .
439 3455 514 3508 29A.
535 3454 599 3507 31ss
690 3460 722 3507 12
733 3472 773 3522 sq.
793 3453 862 3507 haec
880 3452 926 3505 vix
945 3469 1014 3506 sana
