2394 4208
56 525 95 579 xl
112 526 140 598 s]
266 524 382 601 Ι[ιιι
399 487 658 580 mmmm
676 523 797 578 mm
957 516 1066 589 '429

55 690 119 773 ἤθη
143 687 200 752 καὶ
224 689 329 753 άτοπα
351 697 390 774 τη
412 687 574 754 ὑποθέσει
596 689 699 773 ταύτη
721 685 777 752 καὶ
795 687 944 753 ἀδύνατα
961 689 1068 753 πολλὰ
1098 671 1100 676 ’

55 794 211 878 ἕπεσθαι,
244 793 277 872 έξ
309 789 359 860 ὧν
390 794 435 872 ὡς
466 795 593 879 ψευδής
624 793 716 859 έστιν
748 793 992 860 ἀποδείκνυται.
1038 795 1068 859 εί

55 902 120 986 γάρ
143 899 219 987 περὶ
243 901 419 985 ἀσώματον
441 899 529 985 ὑλην
550 901 571 985 ἡ
593 903 756 986 μεταβολὴ
780 912 855 966 τῶν
866 901 1068 987 πραγμάτων

56 1007 184 1090 ἐγένετο
217 1007 357 1092 δυνάμει
387 1009 496 1074 πάντα
528 1003 635 1074 οὖσαν
666 1007 721 1073 καὶ
753 1008 809 1072 διὰ
836 1017 934 1073 τοῦτο
961 1031 1068 1092 πεφυ-

55 1124 157 1179 κυῖαν
179 1118 260 1198 μίαν
281 1111 337 1177 καί
359 1115 420 1197 τὴν
443 1112 548 1197 αὐτὴν
569 1113 806 1197 ὑπομένουσαν
824 1115 871 1191 είς
888 1122 956 1178 πᾶν
978 1109 1067 1191 εἶδος
1095 1140 1108 1181 τ

56 1222 286 1304 μεταβάλλειν,
308 1218 385 1305 περὶ
408 1219 513 1303 αὐτὴν
536 1220 692 1304 δηλονότι
714 1218 769 1284 καὶ
792 1220 812 1304 ἡ
835 1221 947 1306 πρώτη
973 1242 1068 1304 μετα-

56 1327 142 1409 βολὴ
165 1335 226 1391 τοῦ
250 1326 397 1410 μεγάλου
419 1325 558 1392 καὶτοῦ
581 1335 702 1412 μικροῦ
726 1325 853 1410 ἐγένετο
877 1328 930 1411 ἄν,
958 1327 1068 1413 ὥσπερ

57 1430 170 1515 ἀμέλει
202 1431 257 1497 καὶ
288 1442 358 1510 τοῖς
389 1432 612 1517 ὑποθεμένοις
644 1434 705 1516 τὴν
735 1430 823 1515 ὑλην
850 1433 1010 1499 Πλάτωνί
1034 1456 1069 1497 τε

56 1535 113 1603 καὶ
136 1549 206 1616 τοῖς
228 1543 358 1616 λοιποῖς
381 1538 507 1617 ἔδοξεν·
531 1540 560 1604 εί
583 1540 645 1625 γὰρ
668 1536 744 1625 περὶ
767 1539 804 1603 τὸ
823 1549 918 1625 τριχῇ
937 1539 1070 1606 διαστα-

57 1645 120 1709 τὸν
141 1643 162 1727 ἡ
186 1654 246 1710 τοῦ
269 1648 415 1730 μεγάλου
438 1645 493 1711 καὶ
516 1655 576 1711 τοῦ
598 1654 720 1731 μικροῦ
748 1647 912 1729 μεταβολὴ
939 1650 1068 1729 γίνοιτο
1082 1673 1109 1712 ιο

59 1752 113 1834 άν,
146 1750 226 1816 αὐτὸ
257 1751 483 1836 ἀμετάβλητον
513 1749 693 1836 ὑπομένειν
725 1751 851 1835 ἀνάγκη
883 1749 939 1817 καί
970 1761 1069 1818 τοῦτο

58 1853 146 1923 εἶναι
176 1858 214 1922 τὸ
244 1869 378 1945 πρῶτον
406 1859 627 1943 ὑποκείμενον
655 1861 729 1942 ἤτοι
759 1858 820 1941 τὴν
848 1856 945 1943 ὕλην,
976 1861 1024 1935 είς
1051 1858 1069 1922 ὃ

58 1967 200 2049 ἔσχατον
222 1966 262 2029 τά
285 1966 412 2049 φυσικὰ
435 1964 620 2029 ἀναλύεται.
657 1965 687 2029 εί
710 1959 773 2029 οὑν
795 1965 839 2048 μὴ
862 1973 961 2029 τοῦτο
985 1959 1070 2030 εἶναι

58 2071 247 2154 βούλωνται
280 2073 341 2154 τὴν
372 2072 508 2157 πρώτην
538 2068 636 2154 ὕλην,
670 2070 753 2135 ἀλλά
784 2069 839 2136 καὶ
871 2072 977 2159 τούτῳ
1009 2073 1071 2155 τὴν

60 2177 237 2260 ἀσώματον
267 2175 354 2261 ὑλην
385 2177 601 2261 ὑποκεῖσθαι,
638 2175 764 2260 ἀνάγκη
797 2186 885 2242 πᾶσα
917 2175 973 2243 καί
1008 2179 1070 2261 τὴν
1085 2203 1110 2245 ιτ

58 2285 142 2349 κατὰ
173 2285 210 2349 τὸ
243 2282 328 2368 μέγα
359 2282 414 2349 καὶ
446 2285 484 2349 τὸ
516 2283 637 2369 μικρὸν
666 2287 856 2368 πρωτίστην
885 2286 1071 2368 μεταβολὴν

59 2389 137 2476 περὶ
160 2391 284 2474 ταύτην
305 2394 471 2474 γίνεσθαι.
515 2392 658 2476 πότερον
680 2385 744 2455 οὑν
767 2389 955 2476 ἀδιάφορόν
982 2390 1073 2456 ἐστιν

59 2506 99 2581 τῇ
123 2494 282 2582 ῴτινιοῦν
301 2498 427 2581 σώματι
445 2495 645 2581 ὑποκειμένη
664 2494 824 2584 ἀσωμάτῳ
842 2494 906 2582 ὑλη
926 2499 973 2573 είς
992 2496 1072 2581 ὀπη-

59 2608 220 2668 λικονοῦν
247 2602 389 2687 μέγεθος
416 2605 536 2687 μικρόν
562 2625 597 2666 τε
624 2601 680 2667 καὶ
706 2606 818 2686 μεῖζον
845 2603 1070 2689 μεταβάλλειν,

60 2710 106 2786 ὡς
123 2711 185 2792 τὴν
203 2718 370 2795 τυχοῦσαν
386 2706 473 2793 ὑλην
491 2708 552 2773 τὸν
574 2706 754 2773 ὁντιναοῦν
776 2709 879 2791 ὄγκον
902 2709 1071 2776 δύνασθαι
1084 2737 1112 2777 ιο

61 2815 232 2900 δέχεσθαι,
259 2815 280 2899 ἢ
308 2815 371 2881 οὐκ
399 2815 601 2900 ἀθιάφορον;
633 2816 663 2880 εί
690 2811 752 2899 μὲν
780 2810 843 2880 οὑν
870 2814 1072 2903 ἀδιάφορον,

62 2919 211 3009 ύύναιλτο
234 2921 277 2987 ἀν
298 2921 319 3005 ἡ
341 2920 541 3006 ὑποκειμένη
560 2929 606 3008 τῷ
625 2925 792 3008 κυαθιαίῳ
810 2919 909 2987 ὑθατι
927 2920 991 3007 ὑλη
1010 2941 1123 2984 somer.
1147 2980 1151 2988 .

61 3028 233 3112 ἀσώματος
254 3030 473 3113 μεταβάλλειν
496 3029 543 3104 είς
566 3028 647 3093 ὅλον
669 3029 729 3093 τὸν
751 3036 812 3092 τοῦ
836 3027 932 3114 ἀέρος
959 3032 1071 3115 ὄγκον,

61 3135 185 3219 ὁμοίως
208 3130 245 3199 δὲ
267 3134 323 3200 καὶ
344 3135 365 3219 ἡ
388 3143 435 3222 τῷ
458 3133 530 3221 ἀέρι
553 3132 653 3199 παντί
674 3133 875 3218 ὑποκειμένη
892 3133 956 3219 ὑλη
976 3160 1071 3220 μετα-

60 3242 180 3323 βάλλοι
203 3239 245 3305 ἀν
268 3242 315 3318 εἰς
337 3241 470 3306 κύαθον
491 3238 627 3318 ὕδατος·
651 3242 762 3326 εί..γάρ
781 3241 969 3328 ἀδιάφορον
988 3242 1070 3328 αὐτῇ
1084 3268 1110 3310 τε

61 3348 119 3412 θιά
141 3349 178 3412 τὸ
202 3347 378 3431 ἀσώματον
401 3342 486 3412 εἶναι
507 3346 564 3412 καὶ
585 3348 726 3431 δυνάμει
744 3349 852 3413 πάντα
869 3349 907 3413 τὸ
927 3351 974 3427 είς
992 3348 1073 3433 ὁπη-

61 3459 222 3519 λικονοῦν
249 3453 391 3538 μέγεθος
418 3454 644 3538 μεταβάλλειν,
671 3458 706 3520 τί
729 3459 858 3538 μᾶλλον
880 3455 901 3539 ἡ
924 3463 969 3543 τῷ
992 3479 1073 3521 κυα-

60 3563 164 3647 θιαίῳ
193 3559 290 3625 ὑθατι
319 3559 518 3644 ὑποκειμένη
547 3557 611 3644 ὑλη
644 3562 691 3637 είς
722 3559 887 3638 ξεστιαλον
919 3563 948 3626 εἰ
977 3562 1072 3646 τύχοι

134 3828 159 3876 8.
178 3819 366 3890 ὑποθεμένοις
382 3822 434 3892 τὴν
453 3821 530 3895 ὑλην,
549 3823 583 3879 cf.
598 3829 661 3895 437,
673 3830 711 3879 ‘n
783 3831 831 3880 n.
846 3822 887 3879 ’ἂν
899 3824 958 3889 W„
979 3838 1041 3874 <m-
1053 3823 1097 3885 Q&

131 3897 171 3945 25.
191 3893 322 3963 ϋδατίολς
338 3893 371 3946 Μ
