<?xml version="1.0" encoding="UTF-8"?>
<!DOCTYPE html PUBLIC "-//W3C//DTD XHTML 1.0 Transitional//EN"
    "http://www.w3.org/TR/xhtml1/DTD/xhtml1-transitional.dtd">
<html xmlns="http://www.w3.org/1999/xhtml" xml:lang="en" lang="en">
 <head>
  <title>
</title>
<meta http-equiv="Content-Type" content="text/html;charset=utf-8" />
  <meta name='ocr-system' content='tesseract 3.04.00' />
  <meta name='ocr-capabilities' content='ocr_page ocr_carea ocr_par ocr_line ocrx_word'/>
</head>
<body>
  <div class='ocr_page' id='page_1' title='image "./ioannesphilopon00philgoog_0078.png"; bbox 0 0 2394 4208; ppageno 0'>
   <div class='ocr_carea' id='block_1_1' title="bbox 10 39 964 345">
    <p class='ocr_par' dir='ltr' id='par_1_1' title="bbox 10 39 964 345">
     <span class='ocr_line' id='line_1_1' title="bbox 961 46 964 61; baseline 0 0"><span class='ocrx_word' id='word_1_1' title='bbox 961 46 964 61; x_wconf 88' lang='lat'>.</span> 
     </span>
     <span class='ocr_line' id='line_1_2' title="bbox 10 39 963 345; baseline 0.02 -18"><span class='ocrx_word' id='word_1_2' title='bbox 10 39 840 345; x_wconf 99' lang='lat'>-</span> <span class='ocrx_word' id='word_1_3' title='bbox 912 126 963 186; x_wconf 34' lang='grc' dir='ltr'><em>(ιλ</em></span> 
     </span>
    </p>
   </div>
   <div class='ocr_carea' id='block_1_2' title="bbox 82 540 1100 613">
    <p class='ocr_par' dir='ltr' id='par_1_2' title="bbox 82 540 1100 613">
     <span class='ocr_line' id='line_1_3' title="bbox 82 540 1100 613; baseline 0.002 -17"><span class='ocrx_word' id='word_1_4' title='bbox 82 540 126 596; x_wconf 89' lang='lat' dir='ltr'><em>1v</em></span> <span class='ocrx_word' id='word_1_5' title='bbox 141 542 169 613; x_wconf 91' lang='lat'><em>1]</em></span> <span class='ocrx_word' id='word_1_6' title='bbox 360 541 408 596; x_wconf 79' lang='lat' dir='ltr'><em>DE</em></span> <span class='ocrx_word' id='word_1_7' title='bbox 427 541 686 596; x_wconf 79' lang='lat' dir='ltr'><strong>AETERNITATE</strong></span> <span class='ocrx_word' id='word_1_8' title='bbox 704 542 826 598; x_wconf 84' lang='lat' dir='ltr'>MVNDI</span> <span class='ocrx_word' id='word_1_9' title='bbox 1057 544 1100 610; x_wconf 81' lang='lat'><em>59</em></span> 
     </span>
    </p>
   </div>
   <div class='ocr_carea' id='block_1_3' title="bbox 80 702 1180 2066">
    <p class='ocr_par' dir='ltr' id='par_1_3' title="bbox 80 702 1139 1208">
     <span class='ocr_line' id='line_1_4' title="bbox 82 702 1101 792; baseline 0.002 -23"><span class='ocrx_word' id='word_1_10' title='bbox 82 710 177 790; x_wconf 85' lang='grc' dir='ltr'><em>είπερ</em></span> <span class='ocrx_word' id='word_1_11' title='bbox 205 703 345 788; x_wconf 75' lang='grc' dir='ltr'><em>γέγονεν</em></span> <span class='ocrx_word' id='word_1_12' title='bbox 372 704 390 770; x_wconf 99' lang='lat'>6</span> <span class='ocrx_word' id='word_1_13' title='bbox 422 707 559 789; x_wconf 83' lang='grc' dir='ltr'><em>κόσμος,</em></span> <span class='ocrx_word' id='word_1_14' title='bbox 591 703 673 792; x_wconf 81' lang='grc' dir='ltr'><em>πρὶν</em></span> <span class='ocrx_word' id='word_1_15' title='bbox 699 704 858 789; x_wconf 81' lang='grc' dir='ltr'><em>γενέσθαι</em></span> <span class='ocrx_word' id='word_1_16' title='bbox 889 706 1029 790; x_wconf 77' lang='grc' dir='ltr'><em>δυνάμει</em></span> <span class='ocrx_word' id='word_1_17' title='bbox 1058 702 1101 790; x_wconf 74' lang='grc' dir='ltr'><em>ἦν</em></span> 
     </span>
     <span class='ocr_line' id='line_1_5' title="bbox 83 810 1101 898; baseline 0.001 -22"><span class='ocrx_word' id='word_1_18' title='bbox 83 811 189 876; x_wconf 76' lang='grc' dir='ltr'><em>αὐτοῦ</em></span> <span class='ocrx_word' id='word_1_19' title='bbox 211 811 416 897; x_wconf 88' lang='grc' dir='ltr'><em>δημιουργὸς</em></span> <span class='ocrx_word' id='word_1_20' title='bbox 433 810 489 876; x_wconf 81' lang='grc' dir='ltr'><em>καὶ</em></span> <span class='ocrx_word' id='word_1_21' title='bbox 507 812 610 898; x_wconf 77' lang='grc' dir='ltr'><em>ταύτῃ</em></span> <span class='ocrx_word' id='word_1_22' title='bbox 629 811 756 897; x_wconf 78' lang='grc' dir='ltr'><em>ἀτελής,</em></span> <span class='ocrx_word' id='word_1_23' title='bbox 779 810 823 877; x_wconf 91' lang='grc' dir='ltr'><em>δι’</em></span> <span class='ocrx_word' id='word_1_24' title='bbox 842 812 953 877; x_wconf 82' lang='grc' dir='ltr'><em>αὐτῶν</em></span> <span class='ocrx_word' id='word_1_25' title='bbox 971 815 1101 880; x_wconf 90' lang='grc' dir='ltr'><em>τούτων</em></span> 
     </span>
     <span class='ocr_line' id='line_1_6' title="bbox 82 914 1100 1003; baseline 0.002 -21"><span class='ocrx_word' id='word_1_26' title='bbox 82 919 134 995; x_wconf 80' lang='grc' dir='ltr'><em>εἰς</em></span> <span class='ocrx_word' id='word_1_27' title='bbox 155 921 291 1002; x_wconf 83' lang='grc' dir='ltr'><em>μείζονα</em></span> <span class='ocrx_word' id='word_1_28' title='bbox 313 917 455 983; x_wconf 78' lang='grc' dir='ltr'><strong><em>ἀτοπίαν</em></strong></span> <span class='ocrx_word' id='word_1_29' title='bbox 481 917 665 1003; x_wconf 79' lang='grc' dir='ltr'><em>ἀπάγονται</em></span> <span class='ocrx_word' id='word_1_30' title='bbox 693 918 744 984; x_wconf 81' lang='grc' dir='ltr'><em>ἀεὶ</em></span> <span class='ocrx_word' id='word_1_31' title='bbox 768 920 908 1003; x_wconf 77' lang='grc' dir='ltr'><em>δυνάμει</em></span> <span class='ocrx_word' id='word_1_32' title='bbox 932 914 1018 984; x_wconf 83' lang='grc' dir='ltr'><em>εἶναι</em></span> <span class='ocrx_word' id='word_1_33' title='bbox 1041 922 1100 985; x_wconf 88' lang='grc' dir='ltr'><em>τὸν</em></span> 
     </span>
     <span class='ocr_line' id='line_1_7' title="bbox 82 1023 1101 1111; baseline 0.002 -22"><span class='ocrx_word' id='word_1_34' title='bbox 82 1027 170 1090; x_wconf 84' lang='grc' dir='ltr'><em>θεὸν</em></span> <span class='ocrx_word' id='word_1_35' title='bbox 198 1026 406 1111; x_wconf 88' lang='grc' dir='ltr'><em>δημιουργὸν</em></span> <span class='ocrx_word' id='word_1_36' title='bbox 432 1023 488 1091; x_wconf 79' lang='grc' dir='ltr'><em>καὶ</em></span> <span class='ocrx_word' id='word_1_37' title='bbox 517 1024 568 1091; x_wconf 81' lang='grc' dir='ltr'><em>ἀεὶ</em></span> <span class='ocrx_word' id='word_1_38' title='bbox 599 1025 714 1109; x_wconf 79' lang='grc' dir='ltr'><em>ἀτελὴς</em></span> <span class='ocrx_word' id='word_1_39' title='bbox 742 1026 790 1090; x_wconf 73' lang='grc' dir='ltr'><em>διν</em></span> <span class='ocrx_word' id='word_1_40' title='bbox 818 1024 872 1090; x_wconf 80' lang='grc' dir='ltr'><em>ἐπὶ</em></span> <span class='ocrx_word' id='word_1_41' title='bbox 899 1035 971 1103; x_wconf 81' lang='grc' dir='ltr'><em>ταῖς</em></span> <span class='ocrx_word' id='word_1_42' title='bbox 999 1027 1101 1104; x_wconf 84' lang='grc' dir='ltr'><em>ίδίαις</em></span> 
     </span>
     <span class='ocr_line' id='line_1_8' title="bbox 80 1130 1139 1208; baseline 0.001 -12"><span class='ocrx_word' id='word_1_43' title='bbox 80 1140 261 1208; x_wconf 83' lang='grc' dir='ltr'><em>ποιοῦντες</em></span> <span class='ocrx_word' id='word_1_44' title='bbox 282 1130 497 1197; x_wconf 77' lang='grc' dir='ltr'><em>ὑποθέσεσιν.</em></span> <span class='ocrx_word' id='word_1_45' title='bbox 1127 1156 1139 1197; x_wconf 86' lang='grc' dir='ltr'><em>ι</em></span> 
     </span>
    </p>

    <p class='ocr_par' dir='ltr' id='par_1_4' title="bbox 83 1236 1100 1429">
     <span class='ocr_line' id='line_1_9' title="bbox 152 1236 1100 1325; baseline 0.002 -23"><span class='ocrx_word' id='word_1_46' title='bbox 152 1236 209 1303; x_wconf 82' lang='grc' dir='ltr'><em>εί.</em></span> <span class='ocrx_word' id='word_1_47' title='bbox 230 1236 299 1302; x_wconf 82' lang='grc' dir='ltr'><em>Ὅτι</em></span> <span class='ocrx_word' id='word_1_48' title='bbox 322 1249 520 1324; x_wconf 78' lang='grc' dir='ltr'><em>κακουργῶν</em></span> <span class='ocrx_word' id='word_1_49' title='bbox 542 1239 644 1304; x_wconf 86' lang='grc' dir='ltr'><em>πάλιν</em></span> <span class='ocrx_word' id='word_1_50' title='bbox 666 1237 704 1304; x_wconf 79' lang='grc' dir='ltr'><em>ἑν</em></span> <span class='ocrx_word' id='word_1_51' title='bbox 728 1249 799 1317; x_wconf 73' lang='grc' dir='ltr'><em>τοῖς</em></span> <span class='ocrx_word' id='word_1_52' title='bbox 825 1243 939 1324; x_wconf 78' lang='grc' dir='ltr'><em>λόγοις</em></span> <span class='ocrx_word' id='word_1_53' title='bbox 967 1237 985 1304; x_wconf 94' lang='lat'>6</span> <span class='ocrx_word' id='word_1_54' title='bbox 1010 1241 1100 1325; x_wconf 92' lang='grc' dir='ltr'><em>Πρό-</em></span> 
     </span>
     <span class='ocr_line' id='line_1_10' title="bbox 83 1343 363 1429; baseline 0 -20"><span class='ocrx_word' id='word_1_55' title='bbox 83 1349 164 1421; x_wconf 90' lang='grc' dir='ltr'><em>κλος</em></span> <span class='ocrx_word' id='word_1_56' title='bbox 188 1343 363 1429; x_wconf 79' lang='grc' dir='ltr'><em>ἐλέγχεται.</em></span> 
     </span>
    </p>

    <p class='ocr_par' dir='ltr' id='par_1_5' title="bbox 81 1449 1180 2066">
     <span class='ocr_line' id='line_1_11' title="bbox 152 1449 1101 1530; baseline 0 -15"><span class='ocrx_word' id='word_1_57' title='bbox 152 1449 212 1526; x_wconf 83' lang='grc' dir='ltr'><em>ςί.</em></span> <span class='ocrx_word' id='word_1_58' title='bbox 229 1449 298 1515; x_wconf 82' lang='grc' dir='ltr'><em>Ὅτι</em></span> <span class='ocrx_word' id='word_1_59' title='bbox 321 1449 377 1516; x_wconf 81' lang='grc' dir='ltr'><em>καὶ</em></span> <span class='ocrx_word' id='word_1_60' title='bbox 396 1453 478 1516; x_wconf 88' lang='grc' dir='ltr'><em>κατά</em></span> <span class='ocrx_word' id='word_1_61' title='bbox 500 1453 558 1529; x_wconf 87' lang='grc' dir='ltr'><em>τάς</em></span> <span class='ocrx_word' id='word_1_62' title='bbox 580 1452 696 1529; x_wconf 87' lang='grc' dir='ltr'><em>κοινάς</em></span> <span class='ocrx_word' id='word_1_63' title='bbox 717 1451 849 1530; x_wconf 77' lang='grc' dir='ltr'><em>ἐννοίας</em></span> <span class='ocrx_word' id='word_1_64' title='bbox 865 1451 921 1517; x_wconf 81' lang='grc' dir='ltr'><em>καὶ</em></span> <span class='ocrx_word' id='word_1_65' title='bbox 939 1454 1022 1517; x_wconf 87' lang='grc' dir='ltr'><em>κατά</em></span> <span class='ocrx_word' id='word_1_66' title='bbox 1040 1453 1101 1516; x_wconf 87' lang='grc' dir='ltr'><em>τὸν</em></span> 
     </span>
     <span class='ocr_line' id='line_1_12' title="bbox 81 1550 1180 1642; baseline 0.001 -21"><span class='ocrx_word' id='word_1_67' title='bbox 81 1560 279 1642; x_wconf 92' lang='grc' dir='ltr'><em>φιλόσοφον</em></span> <span class='ocrx_word' id='word_1_68' title='bbox 303 1561 480 1624; x_wconf 81' lang='grc' dir='ltr'><em>Πλωτίνον</em></span> <span class='ocrx_word' id='word_1_69' title='bbox 508 1558 608 1634; x_wconf 83' lang='grc' dir='ltr'><em>αὐτὸς</em></span> <span class='ocrx_word' id='word_1_70' title='bbox 635 1555 693 1642; x_wconf 88' lang='grc' dir='ltr'><em>ἀφ’</em></span> <span class='ocrx_word' id='word_1_71' title='bbox 718 1555 839 1623; x_wconf 85' lang='grc' dir='ltr'><em>ἑαυτοῦ</em></span> <span class='ocrx_word' id='word_1_72' title='bbox 861 1557 986 1635; x_wconf 80' lang='grc' dir='ltr'><em>τέλειός</em></span> <span class='ocrx_word' id='word_1_73' title='bbox 1009 1556 1101 1623; x_wconf 81' lang='grc' dir='ltr'><em>ἑστιν</em></span> <span class='ocrx_word' id='word_1_74' title='bbox 1175 1550 1180 1563; x_wconf 78' lang='grc'><strong>’</strong></span> 
     </span>
     <span class='ocr_line' id='line_1_13' title="bbox 82 1660 1140 1750; baseline 0 -22"><span class='ocrx_word' id='word_1_75' title='bbox 82 1664 291 1750; x_wconf 83' lang='grc' dir='ltr'><em>δημιουργὸς</em></span> <span class='ocrx_word' id='word_1_76' title='bbox 313 1663 331 1729; x_wconf 93' lang='lat'>6</span> <span class='ocrx_word' id='word_1_77' title='bbox 354 1664 436 1741; x_wconf 88' lang='grc' dir='ltr'><em>θεὸς</em></span> <span class='ocrx_word' id='word_1_78' title='bbox 459 1660 560 1730; x_wconf 69' lang='grc' dir='ltr'><em>οὐδὲν</em></span> <span class='ocrx_word' id='word_1_79' title='bbox 583 1663 620 1729; x_wconf 79' lang='grc' dir='ltr'><em>ἐκ</em></span> <span class='ocrx_word' id='word_1_80' title='bbox 642 1673 703 1729; x_wconf 90' lang='grc' dir='ltr'><em>τοῦ</em></span> <span class='ocrx_word' id='word_1_81' title='bbox 722 1664 939 1750; x_wconf 73' lang='grc' dir='ltr'><em>δημιουργεῖν</em></span> <span class='ocrx_word' id='word_1_82' title='bbox 956 1665 1100 1750; x_wconf 81' lang='grc' dir='ltr'><em>ὕστερον</em></span> <span class='ocrx_word' id='word_1_83' title='bbox 1114 1688 1140 1728; x_wconf 84' lang='grc' dir='ltr'><em>ιο</em></span> 
     </span>
     <span class='ocr_line' id='line_1_14' title="bbox 83 1770 1100 1856; baseline 0.001 -22"><span class='ocrx_word' id='word_1_84' title='bbox 83 1771 354 1854; x_wconf 81' lang='grc' dir='ltr'><em>προσλαμβάνων</em></span> <span class='ocrx_word' id='word_1_85' title='bbox 385 1771 433 1847; x_wconf 83' lang='grc' dir='ltr'><em>είς</em></span> <span class='ocrx_word' id='word_1_86' title='bbox 464 1773 653 1854; x_wconf 76' lang='grc' dir='ltr'><em>τελειότητα</em></span> <span class='ocrx_word' id='word_1_87' title='bbox 682 1771 739 1835; x_wconf 89' lang='grc' dir='ltr'><em>διά</em></span> <span class='ocrx_word' id='word_1_88' title='bbox 768 1770 805 1834; x_wconf 91' lang='grc' dir='ltr'><em>τὸ</em></span> <span class='ocrx_word' id='word_1_89' title='bbox 835 1770 942 1835; x_wconf 88' lang='grc' dir='ltr'><em>πάντα</em></span> <span class='ocrx_word' id='word_1_90' title='bbox 968 1771 1031 1855; x_wconf 76' lang='grc' dir='ltr'><em>ἥδη</em></span> <span class='ocrx_word' id='word_1_91' title='bbox 1060 1781 1100 1856; x_wconf 76' lang='grc' dir='ltr'><em>τῇ</em></span> 
     </span>
     <span class='ocr_line' id='line_1_15' title="bbox 86 1875 1101 1964; baseline 0 -23"><span class='ocrx_word' id='word_1_92' title='bbox 86 1879 276 1961; x_wconf 76' lang='grc' dir='ltr'><em>προγνώσει</em></span> <span class='ocrx_word' id='word_1_93' title='bbox 302 1887 456 1962; x_wconf 73' lang='grc' dir='ltr'><em>παρεῖναι</em></span> <span class='ocrx_word' id='word_1_94' title='bbox 479 1885 526 1964; x_wconf 75' lang='grc' dir='ltr'><em>τῷ</em></span> <span class='ocrx_word' id='word_1_95' title='bbox 549 1884 621 1964; x_wconf 77' lang='grc' dir='ltr'><em>θεῷ</em></span> <span class='ocrx_word' id='word_1_96' title='bbox 644 1875 699 1942; x_wconf 80' lang='grc' dir='ltr'><em>καὶ</em></span> <span class='ocrx_word' id='word_1_97' title='bbox 721 1877 762 1941; x_wconf 89' lang='grc' dir='ltr'><em>τά</em></span> <span class='ocrx_word' id='word_1_98' title='bbox 788 1879 884 1960; x_wconf 81' lang='grc' dir='ltr'><em>μήπω</em></span> <span class='ocrx_word' id='word_1_99' title='bbox 907 1875 1101 1962; x_wconf 80' lang='grc' dir='ltr'><em>παρηγμένα</em></span> 
     </span>
     <span class='ocr_line' id='line_1_16' title="bbox 84 1983 302 2066; baseline 0 -18"><span class='ocrx_word' id='word_1_100' title='bbox 84 1984 135 2059; x_wconf 82' lang='grc' dir='ltr'><em>εἰς</em></span> <span class='ocrx_word' id='word_1_101' title='bbox 160 1983 302 2066; x_wconf 81' lang='grc' dir='ltr'><em>γένεσιν.</em></span> 
     </span>
    </p>
   </div>
   <div class='ocr_carea' id='block_1_4' title="bbox 81 2179 1141 3665">
    <p class='ocr_par' dir='ltr' id='par_1_6' title="bbox 340 2179 848 2265">
     <span class='ocr_line' id='line_1_17' title="bbox 340 2179 848 2265; baseline 0.004 -23"><span class='ocrx_word' id='word_1_102' title='bbox 340 2179 447 2256; x_wconf 87' lang='grc' dir='ltr'><em>Λύσις</em></span> <span class='ocrx_word' id='word_1_103' title='bbox 469 2187 530 2245; x_wconf 91' lang='grc' dir='ltr'><em>τοῦ</em></span> <span class='ocrx_word' id='word_1_104' title='bbox 552 2180 711 2265; x_wconf 79' lang='grc' dir='ltr'><em>τετάρτου</em></span> <span class='ocrx_word' id='word_1_105' title='bbox 734 2181 848 2263; x_wconf 86' lang='grc' dir='ltr'><em>λόγου.</em></span> 
     </span>
    </p>

    <p class='ocr_par' dir='ltr' id='par_1_7' title="bbox 81 2300 1141 3665">
     <span class='ocr_line' id='line_1_18' title="bbox 151 2300 1140 2391; baseline -0.003 -24"><span class='ocrx_word' id='word_1_106' title='bbox 151 2300 190 2367; x_wconf 90' lang='grc' dir='ltr'><em>α’.</em></span> <span class='ocrx_word' id='word_1_107' title='bbox 205 2303 280 2367; x_wconf 86' lang='grc' dir='ltr'><em>Δύο</em></span> <span class='ocrx_word' id='word_1_108' title='bbox 294 2306 530 2387; x_wconf 83' lang='grc' dir='ltr'><em>συλλογισμῶν</em></span> <span class='ocrx_word' id='word_1_109' title='bbox 544 2301 581 2368; x_wconf 81' lang='grc' dir='ltr'><em>ἐν</em></span> <span class='ocrx_word' id='word_1_110' title='bbox 594 2311 641 2391; x_wconf 64' lang='grc' dir='ltr'><em>τω*</em></span> <span class='ocrx_word' id='word_1_111' title='bbox 655 2303 797 2391; x_wconf 81' lang='grc' dir='ltr'><em>τετάρτῳ</em></span> <span class='ocrx_word' id='word_1_112' title='bbox 812 2313 880 2367; x_wconf 87' lang='grc' dir='ltr'><em>τῶν</em></span> <span class='ocrx_word' id='word_1_113' title='bbox 893 2301 1100 2388; x_wconf 78' lang='grc' dir='ltr'><em>ἐπιχειρημά-</em></span> <span class='ocrx_word' id='word_1_114' title='bbox 1114 2323 1140 2364; x_wconf 82' lang='grc' dir='ltr'><em>ιο</em></span> 
     </span>
     <span class='ocr_line' id='line_1_19' title="bbox 81 2408 1101 2495; baseline -0.001 -22"><span class='ocrx_word' id='word_1_115' title='bbox 81 2431 152 2474; x_wconf 90' lang='grc' dir='ltr'><em>των</em></span> <span class='ocrx_word' id='word_1_116' title='bbox 173 2410 264 2494; x_wconf 83' lang='grc' dir='ltr'><em>παρὰ</em></span> <span class='ocrx_word' id='word_1_117' title='bbox 286 2418 346 2474; x_wconf 91' lang='grc' dir='ltr'><em>τοῦ</em></span> <span class='ocrx_word' id='word_1_118' title='bbox 370 2412 564 2495; x_wconf 91' lang='grc' dir='ltr'><em>φιλοσόφου</em></span> <span class='ocrx_word' id='word_1_119' title='bbox 587 2408 754 2476; x_wconf 75' lang='grc' dir='ltr'><em>τεθέντων</em></span> <span class='ocrx_word' id='word_1_120' title='bbox 775 2409 832 2476; x_wconf 80' lang='grc' dir='ltr'><em>καὶ</em></span> <span class='ocrx_word' id='word_1_121' title='bbox 850 2420 908 2494; x_wconf 80' lang='grc' dir='ltr'><em>της</em></span> <span class='ocrx_word' id='word_1_122' title='bbox 927 2408 1101 2485; x_wconf 80' lang='grc' dir='ltr'><em>ἐλάττονος</em></span> 
     </span>
     <span class='ocr_line' id='line_1_20' title="bbox 83 2514 1102 2603; baseline -0.002 -23"><span class='ocrx_word' id='word_1_123' title='bbox 83 2516 274 2600; x_wconf 81' lang='grc' dir='ltr'><em>προτάσεως</em></span> <span class='ocrx_word' id='word_1_124' title='bbox 296 2526 412 2601; x_wconf 80' lang='grc' dir='ltr'><em>κοινῆς</em></span> <span class='ocrx_word' id='word_1_125' title='bbox 436 2517 542 2600; x_wconf 79' lang='grc' dir='ltr'><em>οὔσης</em></span> <span class='ocrx_word' id='word_1_126' title='bbox 570 2516 607 2582; x_wconf 80' lang='grc' dir='ltr'><em>ἐν</em></span> <span class='ocrx_word' id='word_1_127' title='bbox 634 2515 835 2603; x_wconf 75' lang='grc' dir='ltr'><em>ἀμφοτέροις</em></span> <span class='ocrx_word' id='word_1_128' title='bbox 862 2517 951 2602; x_wconf 89' lang='grc' dir='ltr'><em>παρά</em></span> <span class='ocrx_word' id='word_1_129' title='bbox 977 2514 1102 2597; x_wconf 90' lang='grc' dir='ltr'><em>ταύτην</em></span> 
     </span>
     <span class='ocr_line' id='line_1_21' title="bbox 84 2615 1102 2711; baseline -0.001 -26"><span class='ocrx_word' id='word_1_130' title='bbox 84 2620 140 2686; x_wconf 81' lang='grc' dir='ltr'><em>καὶ</em></span> <span class='ocrx_word' id='word_1_131' title='bbox 162 2624 272 2705; x_wconf 93' lang='grc' dir='ltr'><em>μόνην</em></span> <span class='ocrx_word' id='word_1_132' title='bbox 295 2619 371 2707; x_wconf 74' lang='grc' dir='ltr'><em>(τὴν</em></span> <span class='ocrx_word' id='word_1_133' title='bbox 389 2621 548 2687; x_wconf 79' lang='grc' dir='ltr'><em>ἐλάττονα</em></span> <span class='ocrx_word' id='word_1_134' title='bbox 566 2621 651 2707; x_wconf 84' lang='grc' dir='ltr'><em>λέγω</em></span> <span class='ocrx_word' id='word_1_135' title='bbox 670 2622 848 2711; x_wconf 89' lang='grc' dir='ltr'><em>πρότασιν)</em></span> <span class='ocrx_word' id='word_1_136' title='bbox 867 2622 975 2705; x_wconf 70' lang='grc' dir='ltr'><em>ψευδῆ</em></span> <span class='ocrx_word' id='word_1_137' title='bbox 994 2615 1102 2686; x_wconf 87' lang='grc' dir='ltr'><em>οὖσαν</em></span> 
     </span>
     <span class='ocr_line' id='line_1_22' title="bbox 83 2727 1100 2816; baseline 0 -24"><span class='ocrx_word' id='word_1_138' title='bbox 83 2728 104 2812; x_wconf 78' lang='grc' dir='ltr'><em>ἡ</em></span> <span class='ocrx_word' id='word_1_139' title='bbox 127 2737 188 2793; x_wconf 86' lang='grc' dir='ltr'><em>τοῦ</em></span> <span class='ocrx_word' id='word_1_140' title='bbox 212 2733 465 2814; x_wconf 80' lang='grc' dir='ltr'><em>παραλογισμοῦ</em></span> <span class='ocrx_word' id='word_1_141' title='bbox 489 2731 578 2794; x_wconf 84' lang='grc' dir='ltr'><em>αίτία</em></span> <span class='ocrx_word' id='word_1_142' title='bbox 600 2728 753 2814; x_wconf 84' lang='grc' dir='ltr'><em>γέγονεν·</em></span> <span class='ocrx_word' id='word_1_143' title='bbox 776 2727 851 2807; x_wconf 80' lang='grc' dir='ltr'><em>ἑνὸς</em></span> <span class='ocrx_word' id='word_1_144' title='bbox 874 2731 938 2815; x_wconf 84' lang='grc' dir='ltr'><em>γὰρ</em></span> <span class='ocrx_word' id='word_1_145' title='bbox 961 2736 1007 2816; x_wconf 77' lang='grc' dir='ltr'><em>τῷ</em></span> <span class='ocrx_word' id='word_1_146' title='bbox 1028 2730 1100 2794; x_wconf 84' lang='grc' dir='ltr'><em>ὄντι</em></span> 
     </span>
     <span class='ocr_line' id='line_1_23' title="bbox 84 2832 1141 2922; baseline 0.002 -24"><span class='ocrx_word' id='word_1_147' title='bbox 84 2834 248 2911; x_wconf 77' lang='grc' dir='ltr'><em>δοθέντος</em></span> <span class='ocrx_word' id='word_1_148' title='bbox 270 2834 397 2901; x_wconf 88' lang='grc' dir='ltr'><em>ἀτόπου</em></span> <span class='ocrx_word' id='word_1_149' title='bbox 420 2839 524 2922; x_wconf 93' lang='grc' dir='ltr'><em>μυρία</em></span> <span class='ocrx_word' id='word_1_150' title='bbox 547 2834 672 2919; x_wconf 80' lang='grc' dir='ltr'><em>ἀνάγκη</em></span> <span class='ocrx_word' id='word_1_151' title='bbox 696 2835 837 2901; x_wconf 76' lang='grc' dir='ltr'><em>ἔπεσθαι</em></span> <span class='ocrx_word' id='word_1_152' title='bbox 856 2837 969 2900; x_wconf 88' lang='grc' dir='ltr'><em>ἀτοπα</em></span> <span class='ocrx_word' id='word_1_153' title='bbox 1006 2832 1101 2911; x_wconf 80' lang='grc' dir='ltr'><em>ἀξιον</em></span> <span class='ocrx_word' id='word_1_154' title='bbox 1115 2861 1141 2900; x_wconf 81' lang='grc' dir='ltr'><em>ιο</em></span> 
     </span>
     <span class='ocr_line' id='line_1_24' title="bbox 86 2937 1101 3028; baseline 0.001 -23"><span class='ocrx_word' id='word_1_155' title='bbox 86 2937 124 3006; x_wconf 73' lang='grc' dir='ltr'><em>δὲ</em></span> <span class='ocrx_word' id='word_1_156' title='bbox 148 2941 272 3018; x_wconf 83' lang='grc' dir='ltr'><em>αὐτοὺς</em></span> <span class='ocrx_word' id='word_1_157' title='bbox 294 2939 458 3008; x_wconf 70' lang='grc' dir='ltr'><em>ἐκθέσθαι</em></span> <span class='ocrx_word' id='word_1_158' title='bbox 480 2953 615 3028; x_wconf 84' lang='grc' dir='ltr'><em>πρῶτον</em></span> <span class='ocrx_word' id='word_1_159' title='bbox 634 2944 713 3019; x_wconf 88' lang='grc' dir='ltr'><em>τοὺς</em></span> <span class='ocrx_word' id='word_1_160' title='bbox 731 2951 792 3007; x_wconf 86' lang='grc' dir='ltr'><em>τοῦ</em></span> <span class='ocrx_word' id='word_1_161' title='bbox 811 2944 1003 3027; x_wconf 76' lang='grc' dir='ltr'><em>φιλοσόφου</em></span> <span class='ocrx_word' id='word_1_162' title='bbox 1022 2946 1101 3007; x_wconf 89' lang='grc' dir='ltr'><em>συλ-</em></span> 
     </span>
     <span class='ocr_line' id='line_1_25' title="bbox 85 3043 1102 3133; baseline 0.003 -22"><span class='ocrx_word' id='word_1_163' title='bbox 85 3049 282 3132; x_wconf 84' lang='grc' dir='ltr'><em>λογισμούς,</em></span> <span class='ocrx_word' id='word_1_164' title='bbox 311 3043 376 3114; x_wconf 75' lang='grc' dir='ltr'><em>εἶθ’</em></span> <span class='ocrx_word' id='word_1_165' title='bbox 405 3048 511 3126; x_wconf 82' lang='grc' dir='ltr'><em>οὕτως</em></span> <span class='ocrx_word' id='word_1_166' title='bbox 539 3047 592 3113; x_wconf 80' lang='grc' dir='ltr'><em>ἐπὶ</em></span> <span class='ocrx_word' id='word_1_167' title='bbox 619 3049 680 3113; x_wconf 94' lang='grc' dir='ltr'><em>τὸν</em></span> <span class='ocrx_word' id='word_1_168' title='bbox 707 3052 843 3133; x_wconf 83' lang='grc' dir='ltr'><em>ἔλεγχον</em></span> <span class='ocrx_word' id='word_1_169' title='bbox 869 3059 927 3133; x_wconf 82' lang='grc' dir='ltr'><em>τῆς</em></span> <span class='ocrx_word' id='word_1_170' title='bbox 954 3050 1102 3127; x_wconf 73' lang='grc' dir='ltr'><em>ψευδοῦς</em></span> 
     </span>
     <span class='ocr_line' id='line_1_26' title="bbox 85 3153 1102 3241; baseline 0.002 -23"><span class='ocrx_word' id='word_1_171' title='bbox 85 3164 232 3239; x_wconf 80' lang='grc' dir='ltr'><em>χωρῆσαι</em></span> <span class='ocrx_word' id='word_1_172' title='bbox 261 3155 451 3240; x_wconf 85' lang='grc' dir='ltr'><em>προτάσεως</em></span> <span class='ocrx_word' id='word_1_173' title='bbox 478 3153 579 3241; x_wconf 80' lang='grc' dir='ltr'><em>(φημὶ</em></span> <span class='ocrx_word' id='word_1_174' title='bbox 608 3155 649 3238; x_wconf 80' lang='grc' dir='ltr'><em>δὴ</em></span> <span class='ocrx_word' id='word_1_175' title='bbox 677 3165 735 3239; x_wconf 76' lang='grc' dir='ltr'><em>τῆς</em></span> <span class='ocrx_word' id='word_1_176' title='bbox 763 3154 949 3233; x_wconf 80' lang='grc' dir='ltr'><em>ἐλάττονος·</em></span> <span class='ocrx_word' id='word_1_177' title='bbox 980 3157 1102 3238; x_wconf 85' lang='grc' dir='ltr'><em>ταύτης</em></span> 
     </span>
     <span class='ocr_line' id='line_1_27' title="bbox 84 3259 1101 3346; baseline 0.001 -21"><span class='ocrx_word' id='word_1_178' title='bbox 84 3263 148 3344; x_wconf 88' lang='grc' dir='ltr'><em>γάρ</em></span> <span class='ocrx_word' id='word_1_179' title='bbox 172 3260 387 3346; x_wconf 79' lang='grc' dir='ltr'><em>ἐλεγχθείσης</em></span> <span class='ocrx_word' id='word_1_180' title='bbox 409 3263 523 3327; x_wconf 87' lang='grc' dir='ltr'><em>λύεται</em></span> <span class='ocrx_word' id='word_1_181' title='bbox 545 3262 584 3326; x_wconf 87' lang='grc' dir='ltr'><em>τὸ</em></span> <span class='ocrx_word' id='word_1_182' title='bbox 606 3263 689 3326; x_wconf 87' lang='grc' dir='ltr'><em>κατά</em></span> <span class='ocrx_word' id='word_1_183' title='bbox 711 3271 768 3345; x_wconf 77' lang='grc' dir='ltr'><em>τῆς</em></span> <span class='ocrx_word' id='word_1_184' title='bbox 791 3259 949 3345; x_wconf 89' lang='grc' dir='ltr'><em>ἀληθείας</em></span> <span class='ocrx_word' id='word_1_185' title='bbox 967 3270 1027 3327; x_wconf 88' lang='grc' dir='ltr'><em>τοῦ</em></span> <span class='ocrx_word' id='word_1_186' title='bbox 1046 3283 1101 3344; x_wconf 85' lang='grc' dir='ltr'><em>με-</em></span> 
     </span>
     <span class='ocr_line' id='line_1_28' title="bbox 85 3362 1141 3455; baseline 0.003 -24"><span class='ocrx_word' id='word_1_187' title='bbox 85 3369 191 3449; x_wconf 90' lang='grc' dir='ltr'><em>γάλου</em></span> <span class='ocrx_word' id='word_1_188' title='bbox 216 3370 374 3454; x_wconf 91' lang='grc' dir='ltr'><em>Πρόκλου</em></span> <span class='ocrx_word' id='word_1_189' title='bbox 398 3366 618 3455; x_wconf 82' lang='grc' dir='ltr'><em>σκευώρημα).</em></span> <span class='ocrx_word' id='word_1_190' title='bbox 664 3371 756 3433; x_wconf 84' lang='grc' dir='ltr'><em>ἔστιν</em></span> <span class='ocrx_word' id='word_1_191' title='bbox 778 3362 842 3432; x_wconf 84' lang='grc' dir='ltr'><em>οὖν</em></span> <span class='ocrx_word' id='word_1_192' title='bbox 865 3368 883 3435; x_wconf 94' lang='lat'>6</span> <span class='ocrx_word' id='word_1_193' title='bbox 905 3367 1016 3454; x_wconf 79' lang='grc' dir='ltr'><em>ἕτερος</em></span> <span class='ocrx_word' id='word_1_194' title='bbox 1033 3378 1101 3433; x_wconf 75' lang='grc' dir='ltr'><em>τῶν</em></span> <span class='ocrx_word' id='word_1_195' title='bbox 1114 3394 1141 3434; x_wconf 80' lang='grc' dir='ltr'><em>ιτ</em></span> 
     </span>
     <span class='ocr_line' id='line_1_29' title="bbox 86 3472 1101 3559; baseline 0 -21"><span class='ocrx_word' id='word_1_196' title='bbox 86 3478 323 3558; x_wconf 83' lang='grc' dir='ltr'><em>συλλογισμῶν</em></span> <span class='ocrx_word' id='word_1_197' title='bbox 345 3483 506 3550; x_wconf 83' lang='grc' dir='ltr'><em>τοιοῦτος.</em></span> <span class='ocrx_word' id='word_1_198' title='bbox 551 3475 588 3539; x_wconf 95' lang='grc' dir='ltr'><em>τὸ</em></span> <span class='ocrx_word' id='word_1_199' title='bbox 618 3472 654 3538; x_wconf 81' lang='grc' dir='ltr'><em>ἐκ</em></span> <span class='ocrx_word' id='word_1_200' title='bbox 676 3483 737 3538; x_wconf 88' lang='grc' dir='ltr'><em>τοῦ</em></span> <span class='ocrx_word' id='word_1_201' title='bbox 760 3476 803 3558; x_wconf 82' lang='grc' dir='ltr'><em>μὴ</em></span> <span class='ocrx_word' id='word_1_202' title='bbox 832 3485 958 3558; x_wconf 79' lang='grc' dir='ltr'><em>ποιεῖν,</em></span> <span class='ocrx_word' id='word_1_203' title='bbox 986 3477 1101 3559; x_wconf 82' lang='grc' dir='ltr'><em>φησίν,</em></span> 
     </span>
     <span class='ocr_line' id='line_1_30' title="bbox 85 3577 1100 3665; baseline 0.002 -21"><span class='ocrx_word' id='word_1_204' title='bbox 85 3581 132 3657; x_wconf 83' lang='grc' dir='ltr'><em>είς</em></span> <span class='ocrx_word' id='word_1_205' title='bbox 154 3581 193 3645; x_wconf 87' lang='grc' dir='ltr'><em>τὸ</em></span> <span class='ocrx_word' id='word_1_206' title='bbox 216 3590 327 3646; x_wconf 75' lang='grc' dir='ltr'><em>ποιεῖν</em></span> <span class='ocrx_word' id='word_1_207' title='bbox 353 3583 557 3665; x_wconf 72' lang='grc' dir='ltr'><em>μεταβαῖνον</em></span> <span class='ocrx_word' id='word_1_208' title='bbox 583 3582 770 3664; x_wconf 79' lang='grc' dir='ltr'><em>μεταβολὴν</em></span> <span class='ocrx_word' id='word_1_209' title='bbox 798 3579 877 3664; x_wconf 74' lang='grc' dir='ltr'><em>ἔξει,</em></span> <span class='ocrx_word' id='word_1_210' title='bbox 905 3590 972 3646; x_wconf 88' lang='grc' dir='ltr'><em>πᾶν</em></span> <span class='ocrx_word' id='word_1_211' title='bbox 999 3577 1036 3646; x_wconf 70' lang='grc' dir='ltr'><em>δὲ</em></span> <span class='ocrx_word' id='word_1_212' title='bbox 1063 3583 1100 3646; x_wconf 92' lang='grc' dir='ltr'><em>τὸ</em></span> 
     </span>
    </p>
   </div>
   <div class='ocr_carea' id='block_1_5' title="bbox 78 3770 1131 3992">
    <p class='ocr_par' dir='ltr' id='par_1_8' title="bbox 78 3770 1131 3992">
     <span class='ocr_line' id='line_1_31' title="bbox 159 3770 1116 3849; baseline 0.001 -23"><span class='ocrx_word' id='word_1_213' title='bbox 159 3779 184 3826; x_wconf 83' lang='grc'><em>4.</em></span> <span class='ocrx_word' id='word_1_214' title='bbox 205 3775 304 3843; x_wconf 79' lang='grc' dir='ltr'><em>ατελης</em></span> <span class='ocrx_word' id='word_1_215' title='bbox 317 3770 357 3828; x_wconf 80' lang='grc' dir='ltr'><em>δον</em></span> <span class='ocrx_word' id='word_1_216' title='bbox 370 3773 412 3840; x_wconf 86' lang='lat' dir='ltr'><em>M;</em></span> <span class='ocrx_word' id='word_1_217' title='bbox 432 3775 575 3843; x_wconf 77' lang='lat' dir='ltr'>exspectes</span> <span class='ocrx_word' id='word_1_218' title='bbox 590 3773 671 3845; x_wconf 76' lang='grc' dir='ltr'><em>ἀτελῆ</em></span> <span class='ocrx_word' id='word_1_219' title='bbox 686 3774 774 3830; x_wconf 83' lang='grc' dir='ltr'><em>αὐτὸν</em></span> <span class='ocrx_word' id='word_1_220' title='bbox 849 3772 938 3841; x_wconf 76' lang='grc' dir='ltr'><em>ἰδίαις</em></span> <span class='ocrx_word' id='word_1_221' title='bbox 952 3773 1004 3849; x_wconf 49' lang='lat' dir='ltr'>Q</span> <span class='ocrx_word' id='word_1_222' title='bbox 1017 3775 1116 3836; x_wconf 72' lang='grc' dir='ltr'><em>’ἱδεωις</em></span> 
     </span>
     <span class='ocr_line' id='line_1_32' title="bbox 89 3841 1131 3926; baseline 0.003 -31"><span class='ocrx_word' id='word_1_223' title='bbox 89 3841 116 3896; x_wconf 80' lang='grc' dir='ltr'><strong>Μ</strong></span> <span class='ocrx_word' id='word_1_224' title='bbox 190 3849 229 3897; x_wconf 85' lang='lat'><em>11.</em></span> <span class='ocrx_word' id='word_1_225' title='bbox 245 3843 649 3919; x_wconf 57' lang='lat' dir='ltr'><em>pm1adffffqinmarg.:</em></span> <span class='ocrx_word' id='word_1_226' title='bbox 686 3847 763 3922; x_wconf 81' lang='grc' dir='ltr'><em>ρ’τά</em></span> <span class='ocrx_word' id='word_1_227' title='bbox 786 3848 852 3926; x_wconf 80' lang='grc' dir='ltr'><em>εἴδη</em></span> <span class='ocrx_word' id='word_1_228' title='bbox 928 3854 1131 3909; x_wconf 55' lang='lat' dir='ltr'><em>mmm-</em></span> 
     </span>
     <span class='ocr_line' id='line_1_33' title="bbox 78 3871 685 3992; baseline 0.008 -30"><span class='ocrx_word' id='word_1_229' title='bbox 78 3929 244 3974; x_wconf 70' lang='grc' dir='ltr'><em>γειριματων</em></span> <span class='ocrx_word' id='word_1_230' title='bbox 256 3911 293 3961; x_wconf 81' lang='grc' dir='ltr'><em>Μ</em></span> <span class='ocrx_word' id='word_1_231' title='bbox 358 3919 401 3966; x_wconf 82' lang='grc'><em>17.</em></span> <span class='ocrx_word' id='word_1_232' title='bbox 421 3917 626 3992; x_wconf 44' lang='lat' dir='ltr'><em>almozem&amp;</em></span> <span class='ocrx_word' id='word_1_233' title='bbox 647 3871 685 3981; x_wconf 48' lang='lat'><em>146</em></span> 
     </span>
    </p>
   </div>
   <div class='ocr_carea' id='block_1_6' title="bbox 0 0 1207 4208">
    <p class='ocr_par' dir='ltr' id='par_1_9' title="bbox 0 0 1207 4208">
     <span class='ocr_line' id='line_1_34' title="bbox 0 0 1207 4208; baseline 0 0"><span class='ocrx_word' id='word_1_234' title='bbox 0 0 1207 4208; x_wconf 95' lang='lat' dir='ltr'><em> </em></span> 
     </span>
    </p>
   </div>
  </div>
 </body>
</html>
