2394 4208
51 564 143 619 8118.
162 564 238 636 xm]
319 563 368 619 οω
386 563 645 620 εονωωοοιοω
663 562 786 619 ωνωοι
998 561 1063 625 477

53 726 235 815 γινομένῳ,
265 726 309 793 δι’
339 727 357 793 ὃ
387 725 544 814 γίνεται),
574 727 638 791 οὐκ
665 728 729 812 όρα
757 725 777 809 ή
809 727 866 792 διδ
892 728 954 811 τήν
980 725 1066 810 ὕλην

52 837 162 919 μόνην
194 833 427 919 ἀνεπιτήδειον
458 828 566 899 οὖσαν
595 832 616 915 ή
650 833 706 897 διὰ
737 833 775 898 τὸ
807 842 930 898 ποιοῦν
959 835 1066 917 μόνον

53 940 207 1007 ἐλλεῖπον
230 942 279 1018 εἰς
300 941 338 1005 τὸ
361 950 472 1005 ποιεῖν
494 942 535 1004 τά
556 937 727 1028 γήνόμενα
750 939 791 1004 οὐ
814 943 941 1023 γίνεται
963 938 984 1023 ή
1008 957 1118 998 ιοιιοοι.

55 1045 99 1112 δι’
128 1049 226 1132 άμφω
255 1046 338 1112 ἀλλὰ
365 1046 420 1111 καὶ
448 1048 505 1110 διά
532 1047 569 1112 τὸ
597 1053 644 1133 τῷ
671 1044 837 1134 γινομένῳ
866 1046 1008 1132 ἀγαθόν,
1036 1050 1066 1114 εί

53 1155 99 1238 μή
132 1153 265 1237 άγαδὸν
294 1150 338 1238 ήν
369 1154 460 1241 αὐτῷ
491 1154 529 1217 τὸ
561 1163 627 1218 νῦν
658 1151 728 1217 ἀλλ’
761 1148 862 1231 αὖθις
893 1153 1066 1238 γενέσθαι’
1093 1181 1106 1221 ε

55 1261 189 1344 άγαθὸν
216 1258 253 1326 δὲ
281 1261 319 1326 τὸ
342 1262 425 1325 κατὰ
448 1260 554 1344 φύσιν
576 1258 709 1347 ἑκάστῳ.
755 1257 857 1326 οὐδὲν
880 1263 944 1347 ἄρα
966 1261 1066 1346 άναγ-

55 1378 154 1433 καῖον
177 1371 243 1452 ἔχει
266 1369 304 1431 τὸ
327 1371 549 1453 προκείμενον
569 1375 631 1431 τοῦ
655 1369 846 1452 φιλοσόφον
874 1368 1068 1455 ἐπιχείρημα

55 1475 138 1539 αὐτὸ
162 1473 237 1539 καθ’
262 1474 343 1539 αὑτὸ
366 1475 628 1558 γυμναζόμενον,
655 1475 685 1539 εί
707 1477 752 1558 μή
774 1498 825 1552 τις
848 1475 884 1540 ἐκ
906 1485 967 1541 τοῦ
984 1479 1068 1562 πρός

56 1605 88 1646 τι
109 1577 194 1645 εἶναι
213 1583 275 1664 τήν
292 1581 378 1664 ὕλην
395 1578 450 1645 καί
468 1579 582 1645 άίδιον
604 1576 690 1646 εἶναι
713 1581 751 1646 τὸ
774 1580 829 1647 καὶ
852 1584 913 1666 τήν
935 1581 1069 1665 γένεσιν

56 1688 169 1754 ἀίδιον
197 1683 283 1752 εἶναι
306 1688 460 1770 συνάγοι·
496 1696 595 1752 τοῦτο
620 1685 649 1752 δ’
671 1688 753 1772 ἡμῖν
776 1688 813 1753 ἐν
835 1697 881 1777 τῷ
903 1691 968 1775 πρὸ
992 1693 1069 1756 τού·
1083 1715 1109 1754 ιο

56 1820 118 1861 του
142 1795 312 1880 αὐτάρκως
334 1793 514 1878 ἐξήτασται.

290 1900 390 1978 Τέλος
412 1903 539 1977 λύσεως
565 1908 626 1964 τοῦ
654 1899 706 1983 ιβ’
730 1904 842 1985 λόγου.

117 2419 301 2502 Πρόκλου
326 2417 516 2500 διαδόχου
539 2418 657 2499 λόγος
684 2413 1017 2502 τρισκαιδέκατος.

130 2539 446 2624 κΤρισκαιδέκατος·
468 2541 530 2624 τήν
552 2545 685 2624 κίνησιν
708 2541 887 2624 ἀπονεῖμαί
903 2556 1007 2624 φησιν
1024 2546 1071 2626 τῷ

60 2650 173 2734 κόσμῳ
201 2648 262 2711 τὸν
287 2647 373 2712 θεὸν
399 2648 461 2729 τήν
488 2648 615 2711 οἰκείαν
642 2655 702 2712 τοῦ
727 2647 877 2731 σώματος
901 2662 1071 2731 σφαιροει-
1085 2671 1111 2714 ιτ

62 2757 145 2831 δοῦς
164 2756 261 2830 ὄντος
278 2756 340 2837 τήν
358 2755 468 2841 κύκλῳ
487 2752 563 2840 περί
577 2763 663 2818 νοῦν
675 2752 731 2818 καὶ
750 2755 918 2839 φρόνησιν
931 2753 1073 2836 μάλιστα

62 2856 177 2926 οὖσαν.
223 2862 253 2925 εἰ
281 2855 344 2925 οὖν
370 2868 417 2947 τῷ
445 2862 557 2948 κόσμῳ
585 2862 709 2943 ταύτην
732 2862 860 2925 οἰκείαν
882 2854 969 2924 εἶναι
992 2876 1072 2942 συγ-

63 2978 164 3053 χωρεῖ
193 2968 255 3049 τήν
284 2971 428 3050 κίνησιν,
457 2969 664 3051 συγχωρήσει
692 2964 735 3030 διν
761 2965 817 3030 καὶ
844 2965 944 3042 αὐτὸς
972 2969 1072 3050 φύσει

62 3074 353 3159 κυκλοφορητικὸν
376 3068 461 3138 εἶναι
484 3074 545 3138 τὸν
568 3072 724 3158 οὐρανόν.
761 3075 791 3139 εί
810 3069 846 3137 δὲ
865 3074 989 3156 ταύτην
1007 3076 1073 3157 ἔχει

63 3181 145 3244 κατδι
169 3180 274 3263 φύσιν
296 3182 440 3263 κίνησιν,
469 3177 537 3244 οὔτ’
560 3177 603 3243 διν
625 3181 687 3263 τήν
710 3176 763 3243 ἐπὶ
785 3180 824 3243 τὸ
848 3181 916 3243 άνω
940 3183 1074 3262 κίνησιν
1087 3207 1114 3246 ιο

63 3288 142 3351 οὔτε
164 3287 226 3369 τὴν
249 3285 301 3350 ἐπὶ
324 3286 362 3349 τὸ
386 3287 472 3351 κάτω
497 3297 621 3370 φαῖμεν
643 3284 734 3372 αὐτῷ
756 3289 951 3371 προσήκειν·
977 3279 1074 3350 αὗται

64 3390 103 3457 δὲ
132 3404 200 3456 τῶν
228 3393 306 3478 τῇδε
338 3396 511 3477 στοιχείων
542 3391 628 3458 εἰσὶν
660 3394 694 3457 αί
726 3395 885 3476 κινήσεις·
922 3393 982 3456 τὸν
1011 3393 1075 3477 ἄρα

64 3499 214 3583 οὐρανὸν
238 3497 418 3586 ἐξῃρῆσθαι
442 3509 510 3562 τῶν
533 3497 840 3584 εὐθυπορουμένων
862 3498 988 3582 ἀνάγκη
1013 3516 1075 3563 σω-

137 3737 161 3782 4.
182 3748 206 3783 ει
225 3746 258 3783 ex
276 3749 294 3797 η
313 3728 342 3782 Μ
397 3732 421 3781 8.
432 3732 457 3780 8.
476 3726 546 3780 haec
564 3725 610 3778 vix
629 3743 698 3780 sana
754 3732 794 3780 13.
814 3728 1028 3793 τρισκαδεκατος
1046 3726 1075 3779 Μ

139 3807 180 3853 14.
200 3799 233 3854 cf.
253 3805 393 3870 pag.484,
410 3802 442 3852 18
505 3798 578 3852 Plat.
597 3796 668 3853 Tim.
688 3798 755 3852 ωε
806 3804 855 3852 88.
872 3796 1110 3903 8848&wa

137 3877 177 3923 20,
196 3871 259 3924 fort.
279 3870 365 3938 φάσιν
385 3868 480 3944 (τὴν)
505 3867 620 3942 κίνησιν
695 3877 744 3925 88.
774 3873 1046 3932 swwwwfflm‘
1113 3893 1124 3914 ο

56 3940 252 3994 04842174.
273 3940 556 4014 (ιιοιφοροιμέιωι
575 3950 646 4018 484,
658 3950 708 4000 νε.
729 3948 841 4011 4888.
855 3940 889 4005 ω
