<?xml version="1.0" encoding="UTF-8"?>
<!DOCTYPE html PUBLIC "-//W3C//DTD XHTML 1.0 Transitional//EN"
    "http://www.w3.org/TR/xhtml1/DTD/xhtml1-transitional.dtd">
<html xmlns="http://www.w3.org/1999/xhtml" xml:lang="en" lang="en">
 <head>
  <title>
</title>
<meta http-equiv="Content-Type" content="text/html;charset=utf-8" />
  <meta name='ocr-system' content='tesseract 3.04.00' />
  <meta name='ocr-capabilities' content='ocr_page ocr_carea ocr_par ocr_line ocrx_word'/>
</head>
<body>
  <div class='ocr_page' id='page_1' title='image "./ioannesphilopon00philgoog_0202.png"; bbox 0 0 2348 4290; ppageno 0'>
   <div class='ocr_carea' id='block_1_1' title="bbox 693 336 856 358">
    <p class='ocr_par' dir='ltr' id='par_1_1' title="bbox 693 336 856 358">
     <span class='ocr_line' id='line_1_1' title="bbox 693 336 856 358; baseline 0 -11"><span class='ocrx_word' id='word_1_1' title='bbox 693 336 856 358; x_wconf 55' lang='lat' dir='ltr'><strong><em>:tuan-:vnu-</em></strong></span> 
     </span>
    </p>
   </div>
   <div class='ocr_carea' id='block_1_2' title="bbox 51 576 1065 650">
    <p class='ocr_par' dir='ltr' id='par_1_2' title="bbox 51 576 1065 650">
     <span class='ocr_line' id='line_1_2' title="bbox 51 576 1065 650; baseline 0.016 -20"><span class='ocrx_word' id='word_1_2' title='bbox 51 577 95 631; x_wconf 72' lang='lat' dir='ltr'><strong><em>v]</em></strong></span> <span class='ocrx_word' id='word_1_3' title='bbox 108 578 156 650; x_wconf 77' lang='grc' dir='ltr'><strong><em>ει]</em></strong></span> <span class='ocrx_word' id='word_1_4' title='bbox 322 577 371 632; x_wconf 80' lang='grc' dir='ltr'><strong><em>οε</em></strong></span> <span class='ocrx_word' id='word_1_5' title='bbox 388 576 647 634; x_wconf 66' lang='lat' dir='ltr'><strong><em>mmmm</em></strong></span> <span class='ocrx_word' id='word_1_6' title='bbox 665 579 787 635; x_wconf 74' lang='grc' dir='ltr'><strong><em>αταοε</em></strong></span> <span class='ocrx_word' id='word_1_7' title='bbox 1003 585 1065 648; x_wconf 82' lang='lat'><strong><em>187</em></strong></span> 
     </span>
    </p>
   </div>
   <div class='ocr_carea' id='block_1_3' title="bbox 10 742 1115 2529">
    <p class='ocr_par' dir='ltr' id='par_1_3' title="bbox 10 742 1115 2529">
     <span class='ocr_line' id='line_1_3' title="bbox 48 742 1065 828; baseline 0.004 -22"><span class='ocrx_word' id='word_1_8' title='bbox 48 742 98 817; x_wconf 82' lang='grc' dir='ltr'><strong><em>ὡς</em></strong></span> <span class='ocrx_word' id='word_1_9' title='bbox 121 751 271 824; x_wconf 81' lang='grc' dir='ltr'><strong><em>γενητῶν</em></strong></span> <span class='ocrx_word' id='word_1_10' title='bbox 289 744 439 824; x_wconf 88' lang='grc' dir='ltr'><strong><em>γίνονται</em></strong></span> <span class='ocrx_word' id='word_1_11' title='bbox 458 742 490 806; x_wconf 87' lang='grc' dir='ltr'><strong><em>οί</em></strong></span> <span class='ocrx_word' id='word_1_12' title='bbox 510 745 604 825; x_wconf 92' lang='grc' dir='ltr'><strong><em>λόγοι</em></strong></span> <span class='ocrx_word' id='word_1_13' title='bbox 623 743 836 820; x_wconf 76' lang='grc' dir='ltr'><strong><em>διδασκαλίας</em></strong></span> <span class='ocrx_word' id='word_1_14' title='bbox 856 743 973 828; x_wconf 61' lang='grc' dir='ltr'><strong><em>χάριν.</em></strong></span> <span class='ocrx_word' id='word_1_15' title='bbox 1011 747 1065 811; x_wconf 85' lang='grc' dir='ltr'><strong><em>καί</em></strong></span> 
     </span>
     <span class='ocr_line' id='line_1_4' title="bbox 48 843 1065 933; baseline 0.003 -20"><span class='ocrx_word' id='word_1_16' title='bbox 48 850 154 913; x_wconf 78' lang='grc' dir='ltr'><strong><em>πάλιν</em></strong></span> <span class='ocrx_word' id='word_1_17' title='bbox 181 847 199 912; x_wconf 83' lang='grc' dir='ltr'>ὁ</span> <span class='ocrx_word' id='word_1_18' title='bbox 229 847 328 925; x_wconf 76' lang='grc' dir='ltr'><strong><em>αὐτὸς</em></strong></span> <span class='ocrx_word' id='word_1_19' title='bbox 355 846 423 932; x_wconf 91' lang='grc' dir='ltr'><strong><em>μετ’</em></strong></span> <span class='ocrx_word' id='word_1_20' title='bbox 452 847 569 931; x_wconf 83' lang='grc' dir='ltr'><strong><em>ὀλίγον</em></strong></span> <span class='ocrx_word' id='word_1_21' title='bbox 597 849 697 926; x_wconf 64' lang='grc' dir='ltr'><strong><em>“τίνες</em></strong></span> <span class='ocrx_word' id='word_1_22' title='bbox 725 843 788 914; x_wconf 86' lang='grc' dir='ltr'><strong><em>οὖν</em></strong></span> <span class='ocrx_word' id='word_1_23' title='bbox 811 852 927 933; x_wconf 83' lang='grc' dir='ltr'><strong><em>αἰτίαι,</em></strong></span> <span class='ocrx_word' id='word_1_24' title='bbox 956 851 999 915; x_wconf 86' lang='grc' dir='ltr'><strong><em>δι’</em></strong></span> <span class='ocrx_word' id='word_1_25' title='bbox 1028 853 1065 929; x_wconf 83' lang='grc' dir='ltr'><strong><em>δὶς</em></strong></span> 
     </span>
     <span class='ocr_line' id='line_1_5' title="bbox 50 953 1064 1039; baseline 0.003 -20"><span class='ocrx_word' id='word_1_26' title='bbox 50 955 215 1038; x_wconf 78' lang='grc' dir='ltr'><strong><em>ἀγένητον</em></strong></span> <span class='ocrx_word' id='word_1_27' title='bbox 238 957 320 1019; x_wconf 77' lang='grc' dir='ltr'><strong><em>ὄντα</em></strong></span> <span class='ocrx_word' id='word_1_28' title='bbox 341 956 402 1019; x_wconf 90' lang='grc' dir='ltr'><strong><em>τὸν</em></strong></span> <span class='ocrx_word' id='word_1_29' title='bbox 424 957 550 1039; x_wconf 81' lang='grc' dir='ltr'><strong><em>κόσμον</em></strong></span> <span class='ocrx_word' id='word_1_30' title='bbox 572 956 714 1038; x_wconf 90' lang='grc' dir='ltr'><strong><em>γενητὸν</em></strong></span> <span class='ocrx_word' id='word_1_31' title='bbox 736 956 944 1035; x_wconf 76' lang='grc' dir='ltr'><strong><em>ὑποτίθεται;</em></strong></span> <span class='ocrx_word' id='word_1_32' title='bbox 969 953 1064 1023; x_wconf 85' lang='grc' dir='ltr'><strong><em>αὗται</em></strong></span> 
     </span>
     <span class='ocr_line' id='line_1_6' title="bbox 51 1057 1064 1147; baseline 0.004 -22"><span class='ocrx_word' id='word_1_33' title='bbox 51 1063 115 1126; x_wconf 85' lang='grc' dir='ltr'><strong><em>δύο</em></strong></span> <span class='ocrx_word' id='word_1_34' title='bbox 139 1060 323 1146; x_wconf 80' lang='grc' dir='ltr'><strong><em>ἀμφότεραι</em></strong></span> <span class='ocrx_word' id='word_1_35' title='bbox 352 1064 547 1145; x_wconf 85' lang='grc' dir='ltr'><strong><em>φιλόσοφοι·</em></strong></span> <span class='ocrx_word' id='word_1_36' title='bbox 575 1063 594 1146; x_wconf 78' lang='grc' dir='ltr'><em>ἡ</em></span> <span class='ocrx_word' id='word_1_37' title='bbox 618 1057 680 1145; x_wconf 71' lang='grc' dir='ltr'><strong><em>μέν</em></strong></span> <span class='ocrx_word' id='word_1_38' title='bbox 702 1063 764 1147; x_wconf 83' lang='grc' dir='ltr'><strong><em>γὰρ</em></strong></span> <span class='ocrx_word' id='word_1_39' title='bbox 787 1064 871 1147; x_wconf 88' lang='grc' dir='ltr'><strong><em>πρὸς</em></strong></span> <span class='ocrx_word' id='word_1_40' title='bbox 895 1063 1064 1146; x_wconf 85' lang='grc' dir='ltr'><strong><em>εὐσέβειαν</em></strong></span> 
     </span>
     <span class='ocr_line' id='line_1_7' title="bbox 51 1164 1115 1255; baseline 0.002 -23"><span class='ocrx_word' id='word_1_41' title='bbox 51 1172 249 1254; x_wconf 79' lang='grc' dir='ltr'><strong><em>παρακαλεῖ,</em></strong></span> <span class='ocrx_word' id='word_1_42' title='bbox 281 1167 301 1251; x_wconf 80' lang='grc' dir='ltr'><strong><em>η</em></strong></span> <span class='ocrx_word' id='word_1_43' title='bbox 337 1164 374 1232; x_wconf 73' lang='grc' dir='ltr'><strong><em>δέ</em></strong></span> <span class='ocrx_word' id='word_1_44' title='bbox 411 1165 603 1255; x_wconf 80' lang='grc' dir='ltr'><strong><em>σαΙφηνείας</em></strong></span> <span class='ocrx_word' id='word_1_45' title='bbox 638 1169 736 1253; x_wconf 76' lang='grc' dir='ltr'><strong><em>χάριν</em></strong></span> <span class='ocrx_word' id='word_1_46' title='bbox 771 1174 1001 1252; x_wconf 76' lang='grc' dir='ltr'><strong><em>παρείληπται·</em></strong></span> <span class='ocrx_word' id='word_1_47' title='bbox 1018 1187 1115 1228; x_wconf 63' lang='grc' dir='ltr'><strong><em>τοίνυν.</em></strong></span> 
     </span>
     <span class='ocr_line' id='line_1_8' title="bbox 53 1273 1103 1360; baseline 0.004 -22"><span class='ocrx_word' id='word_1_48' title='bbox 53 1276 150 1351; x_wconf 77' lang='grc' dir='ltr'><strong><em>εἰδὼς</em></strong></span> <span class='ocrx_word' id='word_1_49' title='bbox 178 1274 257 1359; x_wconf 79' lang='grc' dir='ltr'><strong><em>γάρ,</em></strong></span> <span class='ocrx_word' id='word_1_50' title='bbox 288 1273 338 1338; x_wconf 86' lang='grc' dir='ltr'><strong><em>ὅτι</em></strong></span> <span class='ocrx_word' id='word_1_51' title='bbox 366 1275 398 1339; x_wconf 85' lang='grc' dir='ltr'><strong><em>οί</em></strong></span> <span class='ocrx_word' id='word_1_52' title='bbox 426 1273 544 1339; x_wconf 80' lang='grc' dir='ltr'><strong><em>πολλοί</em></strong></span> <span class='ocrx_word' id='word_1_53' title='bbox 572 1277 677 1359; x_wconf 90' lang='grc' dir='ltr'><strong><em>μόνον</em></strong></span> <span class='ocrx_word' id='word_1_54' title='bbox 704 1275 926 1360; x_wconf 77' lang='grc' dir='ltr'><strong><em>ὑπειλήφασιν</em></strong></span> <span class='ocrx_word' id='word_1_55' title='bbox 957 1283 1064 1342; x_wconf 82' lang='grc' dir='ltr'><strong><em>αίτιον</em></strong></span> <span class='ocrx_word' id='word_1_56' title='bbox 1091 1305 1103 1342; x_wconf 84' lang='grc' dir='ltr'><strong><em>ε</em></strong></span> 
     </span>
     <span class='ocr_line' id='line_1_9' title="bbox 52 1377 1062 1468; baseline 0.005 -24"><span class='ocrx_word' id='word_1_57' title='bbox 52 1383 88 1444; x_wconf 89' lang='grc' dir='ltr'><strong><em>τὸ</em></strong></span> <span class='ocrx_word' id='word_1_58' title='bbox 120 1389 310 1465; x_wconf 81' lang='grc' dir='ltr'><strong><em>προτεροῦν</em></strong></span> <span class='ocrx_word' id='word_1_59' title='bbox 341 1383 464 1468; x_wconf 80' lang='grc' dir='ltr'><strong><em>χρόνῳ,</em></strong></span> <span class='ocrx_word' id='word_1_60' title='bbox 501 1382 608 1458; x_wconf 77' lang='grc' dir='ltr'><strong><em>ἄλλως</em></strong></span> <span class='ocrx_word' id='word_1_61' title='bbox 644 1377 681 1445; x_wconf 69' lang='grc' dir='ltr'><strong><em>δὲ</em></strong></span> <span class='ocrx_word' id='word_1_62' title='bbox 718 1381 779 1446; x_wconf 87' lang='grc' dir='ltr'><strong><em>οὐκ</em></strong></span> <span class='ocrx_word' id='word_1_63' title='bbox 816 1389 943 1448; x_wconf 85' lang='grc' dir='ltr'><strong><em>οίονται</em></strong></span> <span class='ocrx_word' id='word_1_64' title='bbox 978 1380 1062 1449; x_wconf 82' lang='grc' dir='ltr'><strong><em>εἶναι</em></strong></span> 
     </span>
     <span class='ocr_line' id='line_1_10' title="bbox 55 1482 1063 1574; baseline 0.005 -25"><span class='ocrx_word' id='word_1_65' title='bbox 55 1493 171 1569; x_wconf 82' lang='grc' dir='ltr'><strong><em>αίτιον,</em></strong></span> <span class='ocrx_word' id='word_1_66' title='bbox 200 1485 236 1550; x_wconf 90' lang='grc' dir='ltr'><strong><em>έκ</em></strong></span> <span class='ocrx_word' id='word_1_67' title='bbox 263 1482 302 1550; x_wconf 71' lang='grc' dir='ltr'><strong><em>δὲ</em></strong></span> <span class='ocrx_word' id='word_1_68' title='bbox 323 1488 446 1551; x_wconf 87' lang='grc' dir='ltr'><strong><em>τούτου</em></strong></span> <span class='ocrx_word' id='word_1_69' title='bbox 469 1488 628 1564; x_wconf 87' lang='grc' dir='ltr'><strong><em>κίνδυνος</em></strong></span> <span class='ocrx_word' id='word_1_70' title='bbox 651 1487 820 1571; x_wconf 80' lang='grc' dir='ltr'><strong><em>ἐπιστῆσαι</em></strong></span> <span class='ocrx_word' id='word_1_71' title='bbox 843 1489 966 1566; x_wconf 82' lang='grc' dir='ltr'><strong><em>αὐτοὺς</em></strong></span> <span class='ocrx_word' id='word_1_72' title='bbox 987 1489 1063 1574; x_wconf 85' lang='grc' dir='ltr'><strong><em>περί</em></strong></span> 
     </span>
     <span class='ocr_line' id='line_1_11' title="bbox 54 1591 1063 1679; baseline 0.003 -22"><span class='ocrx_word' id='word_1_73' title='bbox 54 1596 227 1675; x_wconf 78' lang='grc' dir='ltr'><strong><em>προνοίας,</em></strong></span> <span class='ocrx_word' id='word_1_74' title='bbox 251 1592 302 1656; x_wconf 84' lang='grc' dir='ltr'><strong><em>ὅτι</em></strong></span> <span class='ocrx_word' id='word_1_75' title='bbox 331 1591 436 1676; x_wconf 75' lang='grc' dir='ltr'><strong><em>ἐστίν,</em></strong></span> <span class='ocrx_word' id='word_1_76' title='bbox 459 1596 663 1677; x_wconf 77' lang='grc' dir='ltr'><strong><em>βουλόμενος</em></strong></span> <span class='ocrx_word' id='word_1_77' title='bbox 693 1591 731 1658; x_wconf 68' lang='grc' dir='ltr'><strong><em>δὲ</em></strong></span> <span class='ocrx_word' id='word_1_78' title='bbox 760 1602 859 1659; x_wconf 89' lang='grc' dir='ltr'><strong><em>τοῦτο</em></strong></span> <span class='ocrx_word' id='word_1_79' title='bbox 889 1596 926 1659; x_wconf 90' lang='grc' dir='ltr'><strong><em>τὸ</em></strong></span> <span class='ocrx_word' id='word_1_80' title='bbox 957 1596 1063 1679; x_wconf 92' lang='grc' dir='ltr'><strong><em>δόγμα</em></strong></span> 
     </span>
     <span class='ocr_line' id='line_1_12' title="bbox 57 1698 1102 1786; baseline 0.004 -25"><span class='ocrx_word' id='word_1_81' title='bbox 57 1698 241 1782; x_wconf 77' lang='grc' dir='ltr'><strong><em>ἐμποιῆσαι,</em></strong></span> <span class='ocrx_word' id='word_1_82' title='bbox 270 1698 321 1763; x_wconf 84' lang='grc' dir='ltr'><strong><em>ὅτι</em></strong></span> <span class='ocrx_word' id='word_1_83' title='bbox 348 1703 490 1786; x_wconf 82' lang='grc' dir='ltr'><strong><em>προνοίᾳ</em></strong></span> <span class='ocrx_word' id='word_1_84' title='bbox 518 1700 536 1765; x_wconf 88' lang='grc' dir='ltr'>ὁ</span> <span class='ocrx_word' id='word_1_85' title='bbox 559 1702 681 1784; x_wconf 88' lang='grc' dir='ltr'><strong><em>κόσμος</em></strong></span> <span class='ocrx_word' id='word_1_86' title='bbox 705 1701 886 1782; x_wconf 80' lang='grc' dir='ltr'><strong><em>διοικεῖται,</em></strong></span> <span class='ocrx_word' id='word_1_87' title='bbox 909 1710 980 1777; x_wconf 73' lang='grc' dir='ltr'><strong><em>τοῖς</em></strong></span> <span class='ocrx_word' id='word_1_88' title='bbox 1001 1698 1063 1785; x_wconf 78' lang='grc' dir='ltr'><strong><em>μὲν</em></strong></span> <span class='ocrx_word' id='word_1_89' title='bbox 1076 1727 1102 1765; x_wconf 85' lang='grc' dir='ltr'><strong><em>ιο</em></strong></span> 
     </span>
     <span class='ocr_line' id='line_1_13' title="bbox 57 1804 1061 1891; baseline 0.002 -23"><span class='ocrx_word' id='word_1_90' title='bbox 57 1805 251 1889; x_wconf 80' lang='grc' dir='ltr'><strong><em>δυναμένοις</em></strong></span> <span class='ocrx_word' id='word_1_91' title='bbox 277 1804 331 1870; x_wconf 84' lang='grc' dir='ltr'><strong><em>καί</em></strong></span> <span class='ocrx_word' id='word_1_92' title='bbox 359 1807 466 1883; x_wconf 76' lang='grc' dir='ltr'><strong><em>ἄλλως</em></strong></span> <span class='ocrx_word' id='word_1_93' title='bbox 494 1817 693 1891; x_wconf 78' lang='grc' dir='ltr'><strong><em>κατανοῆσαι</em></strong></span> <span class='ocrx_word' id='word_1_94' title='bbox 721 1815 819 1871; x_wconf 88' lang='grc' dir='ltr'><strong><em>τοῦτο</em></strong></span> <span class='ocrx_word' id='word_1_95' title='bbox 847 1805 951 1891; x_wconf 80' lang='grc' dir='ltr'><strong><em>ἠρέμα</em></strong></span> <span class='ocrx_word' id='word_1_96' title='bbox 981 1807 1061 1870; x_wconf 86' lang='grc' dir='ltr'><strong><em>ὑπο·</em></strong></span> 
     </span>
     <span class='ocr_line' id='line_1_14' title="bbox 57 1909 1061 1997; baseline 0.002 -22"><span class='ocrx_word' id='word_1_97' title='bbox 57 1913 159 1993; x_wconf 79' lang='grc' dir='ltr'><strong><em>δηλοῖ,</em></strong></span> <span class='ocrx_word' id='word_1_98' title='bbox 184 1911 235 1975; x_wconf 82' lang='grc' dir='ltr'><strong><em>ὅτι</em></strong></span> <span class='ocrx_word' id='word_1_99' title='bbox 257 1910 415 1994; x_wconf 82' lang='grc' dir='ltr'><strong><em>ἀγένητος</em></strong></span> <span class='ocrx_word' id='word_1_100' title='bbox 439 1912 457 1977; x_wconf 85' lang='grc' dir='ltr'><strong><em>δ</em></strong></span> <span class='ocrx_word' id='word_1_101' title='bbox 480 1915 602 1996; x_wconf 87' lang='grc' dir='ltr'><strong><em>κόσμος</em></strong></span> <span class='ocrx_word' id='word_1_102' title='bbox 621 1914 854 1997; x_wconf 80' lang='grc' dir='ltr'><strong><em>κατὰχρόνον,</em></strong></span> <span class='ocrx_word' id='word_1_103' title='bbox 873 1909 998 1988; x_wconf 73' lang='grc' dir='ltr'><strong><em>τοίςδὲ</em></strong></span> <span class='ocrx_word' id='word_1_104' title='bbox 1017 1913 1061 1995; x_wconf 79' lang='grc' dir='ltr'><strong><em>μὴ</em></strong></span> 
     </span>
     <span class='ocr_line' id='line_1_15' title="bbox 59 2017 1061 2103; baseline 0 -21"><span class='ocrx_word' id='word_1_105' title='bbox 59 2027 219 2101; x_wconf 78' lang='grc' dir='ltr'><strong><em>χωροῦσιν</em></strong></span> <span class='ocrx_word' id='word_1_106' title='bbox 249 2017 417 2101; x_wconf 79' lang='grc' dir='ltr'><strong><em>ἐμφαίνει,</em></strong></span> <span class='ocrx_word' id='word_1_107' title='bbox 445 2019 496 2083; x_wconf 84' lang='grc' dir='ltr'><strong><em>ὅτι</em></strong></span> <span class='ocrx_word' id='word_1_108' title='bbox 524 2021 676 2102; x_wconf 83' lang='grc' dir='ltr'><strong><em>γενητός,</em></strong></span> <span class='ocrx_word' id='word_1_109' title='bbox 703 2018 759 2083; x_wconf 82' lang='grc' dir='ltr'><strong><em>καὶ</em></strong></span> <span class='ocrx_word' id='word_1_110' title='bbox 787 2019 919 2103; x_wconf 80' lang='grc' dir='ltr'><strong><em>εὕχεταί</em></strong></span> <span class='ocrx_word' id='word_1_111' title='bbox 943 2043 980 2101; x_wconf 95' lang='grc' dir='ltr'><strong><em>γε</em></strong></span> <span class='ocrx_word' id='word_1_112' title='bbox 1009 2042 1061 2083; x_wconf 89' lang='grc' dir='ltr'><strong><em>πι-</em></strong></span> 
     </span>
     <span class='ocr_line' id='line_1_16' title="bbox 58 2123 1060 2209; baseline 0.003 -23"><span class='ocrx_word' id='word_1_113' title='bbox 58 2134 184 2190; x_wconf 86' lang='grc' dir='ltr'><strong><em>στεῦσαι</em></strong></span> <span class='ocrx_word' id='word_1_114' title='bbox 204 2124 336 2207; x_wconf 85' lang='grc' dir='ltr'><strong><em>αὐτούς,</em></strong></span> <span class='ocrx_word' id='word_1_115' title='bbox 355 2125 412 2188; x_wconf 80' lang='grc' dir='ltr'><strong><em>ἵνα</em></strong></span> <span class='ocrx_word' id='word_1_116' title='bbox 434 2125 501 2208; x_wconf 81' lang='grc' dir='ltr'><strong><em>ἅμα</em></strong></span> <span class='ocrx_word' id='word_1_117' title='bbox 521 2131 707 2190; x_wconf 76' lang='grc' dir='ltr'><strong><em>πεισθῶσιν</em></strong></span> <span class='ocrx_word' id='word_1_118' title='bbox 729 2124 784 2189; x_wconf 86' lang='grc' dir='ltr'><strong><em>καί</em></strong></span> <span class='ocrx_word' id='word_1_119' title='bbox 806 2123 882 2208; x_wconf 79' lang='grc' dir='ltr'><strong><em>περὶ</em></strong></span> <span class='ocrx_word' id='word_1_120' title='bbox 905 2135 963 2209; x_wconf 78' lang='grc' dir='ltr'><strong><em>τῆς</em></strong></span> <span class='ocrx_word' id='word_1_121' title='bbox 981 2147 1060 2209; x_wconf 88' lang='grc' dir='ltr'><strong><em>προ-</em></strong></span> 
     </span>
     <span class='ocr_line' id='line_1_17' title="bbox 58 2226 1100 2317; baseline 0.004 -24"><span class='ocrx_word' id='word_1_122' title='bbox 58 2234 151 2307; x_wconf 88' lang='grc' dir='ltr'><strong><em>νοίας.</em></strong></span> <span class='ocrx_word' id='word_1_123' title='bbox 197 2231 218 2314; x_wconf 84' lang='grc' dir='ltr'><em>ἡ</em></span> <span class='ocrx_word' id='word_1_124' title='bbox 247 2226 285 2294; x_wconf 69' lang='grc' dir='ltr'><strong><em>δὲ</em></strong></span> <span class='ocrx_word' id='word_1_125' title='bbox 312 2230 450 2316; x_wconf 89' lang='grc' dir='ltr'><strong><em>δευτέρα</em></strong></span> <span class='ocrx_word' id='word_1_126' title='bbox 477 2233 580 2314; x_wconf 81' lang='grc' dir='ltr'><strong><em>αἰτία,</em></strong></span> <span class='ocrx_word' id='word_1_127' title='bbox 608 2232 659 2296; x_wconf 84' lang='grc' dir='ltr'><strong><em>ὅτι</em></strong></span> <span class='ocrx_word' id='word_1_128' title='bbox 687 2231 872 2317; x_wconf 80' lang='grc' dir='ltr'><strong><em>σαφέστερά</em></strong></span> <span class='ocrx_word' id='word_1_129' title='bbox 901 2231 992 2296; x_wconf 89' lang='grc' dir='ltr'><strong><em>ε’στιν</em></strong></span> <span class='ocrx_word' id='word_1_130' title='bbox 1020 2233 1060 2295; x_wconf 81' lang='grc' dir='ltr'><strong><em>τὰ</em></strong></span> <span class='ocrx_word' id='word_1_131' title='bbox 1075 2255 1100 2297; x_wconf 79' lang='grc' dir='ltr'><strong><em>ιε</em></strong></span> 
     </span>
     <span class='ocr_line' id='line_1_18' title="bbox 10 2337 1059 2422; baseline 0.003 -23"><span class='ocrx_word' id='word_1_132' title='bbox 10 2372 12 2383; x_wconf 82' lang='lat'><em>=</em></span> <span class='ocrx_word' id='word_1_133' title='bbox 59 2338 223 2419; x_wconf 84' lang='grc' dir='ltr'><strong><em>λεγόμενα,</em></strong></span> <span class='ocrx_word' id='word_1_134' title='bbox 247 2337 327 2401; x_wconf 85' lang='grc' dir='ltr'><strong><em>ὅταν</em></strong></span> <span class='ocrx_word' id='word_1_135' title='bbox 344 2337 389 2413; x_wconf 80' lang='grc' dir='ltr'><strong><em>ὡς</em></strong></span> <span class='ocrx_word' id='word_1_136' title='bbox 407 2337 596 2421; x_wconf 83' lang='grc' dir='ltr'><strong><em>γινομένοις</em></strong></span> <span class='ocrx_word' id='word_1_137' title='bbox 614 2338 727 2415; x_wconf 88' lang='grc' dir='ltr'><strong><em>αὐτοῖς</em></strong></span> <span class='ocrx_word' id='word_1_138' title='bbox 745 2339 1059 2422; x_wconf 74' lang='grc' dir='ltr'><strong><em>παρατυγχάνωμεν·</em></strong></span> 
     </span>
     <span class='ocr_line' id='line_1_19' title="bbox 60 2441 1061 2529; baseline 0.003 -23"><span class='ocrx_word' id='word_1_139' title='bbox 60 2442 154 2519; x_wconf 80' lang='grc' dir='ltr'><strong><em>οὕτως</em></strong></span> <span class='ocrx_word' id='word_1_140' title='bbox 178 2441 234 2507; x_wconf 79' lang='grc' dir='ltr'><strong><em>καὶ</em></strong></span> <span class='ocrx_word' id='word_1_141' title='bbox 256 2445 297 2507; x_wconf 88' lang='grc' dir='ltr'><strong><em>τδι</em></strong></span> <span class='ocrx_word' id='word_1_142' title='bbox 315 2444 545 2529; x_wconf 80' lang='grc' dir='ltr'><strong><em>διαγράμματα</em></strong></span> <span class='ocrx_word' id='word_1_143' title='bbox 563 2443 603 2509; x_wconf 85' lang='grc' dir='ltr'><strong><em>οὐ</em></strong></span> <span class='ocrx_word' id='word_1_144' title='bbox 623 2443 825 2509; x_wconf 74' lang='grc' dir='ltr'><strong><em>συντεθέντα</em></strong></span> <span class='ocrx_word' id='word_1_145' title='bbox 844 2444 1061 2509; x_wconf 78' lang='grc' dir='ltr'><strong><em>συντιθέασιν</em></strong></span> 
     </span>
    </p>
   </div>
   <div class='ocr_carea' id='block_1_4' title="bbox 56 2546 1099 3060">
    <p class='ocr_par' dir='ltr' id='par_1_4' title="bbox 56 2546 1099 3060">
     <span class='ocr_line' id='line_1_20' title="bbox 58 2546 1059 2633; baseline 0.003 -22"><span class='ocrx_word' id='word_1_146' title='bbox 58 2547 96 2623; x_wconf 79' lang='grc' dir='ltr'><strong><em>ὡς</em></strong></span> <span class='ocrx_word' id='word_1_147' title='bbox 116 2547 158 2612; x_wconf 78' lang='grc' dir='ltr'><strong><em>ἂν</em></strong></span> <span class='ocrx_word' id='word_1_148' title='bbox 182 2550 356 2631; x_wconf 89' lang='grc' dir='ltr'><strong><em>γινόμενα,</em></strong></span> <span class='ocrx_word' id='word_1_149' title='bbox 383 2547 437 2613; x_wconf 82' lang='grc' dir='ltr'><strong><em>καί</em></strong></span> <span class='ocrx_word' id='word_1_150' title='bbox 464 2550 524 2614; x_wconf 90' lang='grc' dir='ltr'><strong><em>τὸν</em></strong></span> <span class='ocrx_word' id='word_1_151' title='bbox 547 2546 609 2633; x_wconf 72' lang='grc' dir='ltr'><strong><em>μὲν</em></strong></span> <span class='ocrx_word' id='word_1_152' title='bbox 631 2551 771 2633; x_wconf 85' lang='grc' dir='ltr'><strong><em>κύκλον,</em></strong></span> <span class='ocrx_word' id='word_1_153' title='bbox 800 2549 910 2632; x_wconf 80' lang='grc' dir='ltr'><strong><em>ἐπειδὴ</em></strong></span> <span class='ocrx_word' id='word_1_154' title='bbox 937 2549 1059 2614; x_wconf 78' lang='grc' dir='ltr'><strong><em>ἁπλού-</em></strong></span> 
     </span>
     <span class='ocr_line' id='line_1_21' title="bbox 58 2650 1059 2740; baseline 0.004 -25"><span class='ocrx_word' id='word_1_155' title='bbox 58 2671 168 2739; x_wconf 83' lang='grc' dir='ltr'><strong><em>στερον</em></strong></span> <span class='ocrx_word' id='word_1_156' title='bbox 185 2650 240 2737; x_wconf 77' lang='grc' dir='ltr'><strong><em>ἦν,</em></strong></span> <span class='ocrx_word' id='word_1_157' title='bbox 259 2655 402 2738; x_wconf 84' lang='grc' dir='ltr'><strong><em>ὡρίσατο</em></strong></span> <span class='ocrx_word' id='word_1_158' title='bbox 420 2655 605 2739; x_wconf 79' lang='grc' dir='ltr'><strong><em>Εὐκλείδης</em></strong></span> <span class='ocrx_word' id='word_1_159' title='bbox 628 2655 747 2740; x_wconf 66' lang='grc' dir='ltr'><strong><em>’σχῆμα</em></strong></span> <span class='ocrx_word' id='word_1_160' title='bbox 768 2656 834 2721; x_wconf 85' lang='grc' dir='ltr'><strong><em>ὑπὸ</em></strong></span> <span class='ocrx_word' id='word_1_161' title='bbox 858 2665 934 2739; x_wconf 84' lang='grc' dir='ltr'><strong><em>μιᾶς</em></strong></span> <span class='ocrx_word' id='word_1_162' title='bbox 957 2680 1059 2739; x_wconf 93' lang='grc' dir='ltr'><strong><em>γραμ-</em></strong></span> 
     </span>
     <span class='ocr_line' id='line_1_22' title="bbox 57 2759 1099 2846; baseline 0.004 -22"><span class='ocrx_word' id='word_1_163' title='bbox 57 2770 111 2842; x_wconf 73' lang='grc' dir='ltr'><strong><em>μῆς</em></strong></span> <span class='ocrx_word' id='word_1_164' title='bbox 131 2762 381 2846; x_wconf 80' lang='grc' dir='ltr'><strong><em>περιεχόμενον,</em></strong></span> <span class='ocrx_word' id='word_1_165' title='bbox 403 2761 487 2846; x_wconf 89' lang='grc' dir='ltr'><strong><em>πρὸς</em></strong></span> <span class='ocrx_word' id='word_1_166' title='bbox 509 2761 553 2844; x_wconf 78' lang='grc' dir='ltr'><strong><em>ἢν</em></strong></span> <span class='ocrx_word' id='word_1_167' title='bbox 574 2770 676 2826; x_wconf 83' lang='grc' dir='ltr'><strong><em>πᾶσαι</em></strong></span> <span class='ocrx_word' id='word_1_168' title='bbox 695 2762 728 2826; x_wconf 86' lang='grc' dir='ltr'><strong><em>αί</em></strong></span> <span class='ocrx_word' id='word_1_169' title='bbox 748 2759 804 2845; x_wconf 77' lang='grc' dir='ltr'><strong><em>ἀφ’</em></strong></span> <span class='ocrx_word' id='word_1_170' title='bbox 828 2759 903 2837; x_wconf 88' lang='grc' dir='ltr'><strong><em>ένὸς</em></strong></span> <span class='ocrx_word' id='word_1_171' title='bbox 921 2766 1058 2844; x_wconf 83' lang='grc' dir='ltr'><strong><em>σημείου</em></strong></span> <span class='ocrx_word' id='word_1_172' title='bbox 1073 2788 1099 2828; x_wconf 83' lang='grc' dir='ltr'><strong><em>εο</em></strong></span> 
     </span>
     <span class='ocr_line' id='line_1_23' title="bbox 57 2866 1058 2951; baseline 0.007 -26"><span class='ocrx_word' id='word_1_173' title='bbox 57 2876 114 2929; x_wconf 70' lang='grc' dir='ltr'><strong><em>τίαν</em></strong></span> <span class='ocrx_word' id='word_1_174' title='bbox 136 2866 233 2942; x_wconf 84' lang='grc' dir='ltr'><strong><em>ἐντὸς</em></strong></span> <span class='ocrx_word' id='word_1_175' title='bbox 255 2870 522 2949; x_wconf 88' lang='grc' dir='ltr'><strong><em>προσπίπτουσαι</em></strong></span> <span class='ocrx_word' id='word_1_176' title='bbox 543 2867 671 2932; x_wconf 76' lang='grc' dir='ltr'><strong><em>εὐθεῖαι</em></strong></span> <span class='ocrx_word' id='word_1_177' title='bbox 692 2873 758 2933; x_wconf 86' lang='grc' dir='ltr'><strong><em>ίσαι</em></strong></span> <span class='ocrx_word' id='word_1_178' title='bbox 778 2867 933 2951; x_wconf 77' lang='grc' dir='ltr'><strong><em>ἀλλήλαις</em></strong></span> <span class='ocrx_word' id='word_1_179' title='bbox 952 2869 1058 2951; x_wconf 88' lang='grc' dir='ltr'><strong><em>είσίν’,</em></strong></span> 
     </span>
     <span class='ocr_line' id='line_1_24' title="bbox 56 2969 1058 3060; baseline 0.005 -27"><span class='ocrx_word' id='word_1_180' title='bbox 56 2973 108 3054; x_wconf 73' lang='grc' dir='ltr'><strong><em>τὴν</em></strong></span> <span class='ocrx_word' id='word_1_181' title='bbox 134 2969 173 3037; x_wconf 74' lang='grc' dir='ltr'><strong><em>δὲ</em></strong></span> <span class='ocrx_word' id='word_1_182' title='bbox 202 2983 351 3055; x_wconf 82' lang='grc' dir='ltr'><strong><em>σφαῖραν</em></strong></span> <span class='ocrx_word' id='word_1_183' title='bbox 377 2971 489 3038; x_wconf 76' lang='grc' dir='ltr'><strong><em>θέλων</em></strong></span> <span class='ocrx_word' id='word_1_184' title='bbox 516 2970 620 3050; x_wconf 83' lang='grc' dir='ltr'><strong><em>δεῖξαι</em></strong></span> <span class='ocrx_word' id='word_1_185' title='bbox 649 2973 693 3050; x_wconf 83' lang='grc' dir='ltr'><strong><em>ὡς</em></strong></span> <span class='ocrx_word' id='word_1_186' title='bbox 716 2973 758 3038; x_wconf 85' lang='grc' dir='ltr'><strong><em>δλν</em></strong></span> <span class='ocrx_word' id='word_1_187' title='bbox 781 2972 960 3057; x_wconf 89' lang='grc' dir='ltr'><strong><em>γινομένην</em></strong></span> <span class='ocrx_word' id='word_1_188' title='bbox 982 2975 1058 3060; x_wconf 86' lang='grc' dir='ltr'><strong><em>ὡρί-</em></strong></span> 
     </span>
    </p>
   </div>
   <div class='ocr_carea' id='block_1_5' title="bbox 34 3234 1063 3948">
    <p class='ocr_par' dir='ltr' id='par_1_5' title="bbox 34 3234 1063 3948">
     <span class='ocr_line' id='line_1_25' title="bbox 119 3234 969 3307; baseline 0 -18"><span class='ocrx_word' id='word_1_189' title='bbox 119 3244 142 3289; x_wconf 92' lang='grc'><strong><em>1.</em></strong></span> <span class='ocrx_word' id='word_1_190' title='bbox 164 3234 329 3304; x_wconf 65' lang='grc' dir='ltr'><strong><em>γινουτλαῙι,</em></strong></span> <span class='ocrx_word' id='word_1_191' title='bbox 347 3251 382 3288; x_wconf 84' lang='lat' dir='ltr'><strong><em>ex</em></strong></span> <span class='ocrx_word' id='word_1_192' title='bbox 401 3253 421 3303; x_wconf 87' lang='grc' dir='ltr'><strong><em>ε,</em></strong></span> <span class='ocrx_word' id='word_1_193' title='bbox 440 3235 470 3288; x_wconf 87' lang='grc' dir='ltr'>Μ</span> <span class='ocrx_word' id='word_1_194' title='bbox 542 3242 566 3289; x_wconf 86' lang='grc'><strong><em>3.</em></strong></span> <span class='ocrx_word' id='word_1_195' title='bbox 587 3236 652 3307; x_wconf 70' lang='lat' dir='ltr'><strong><em>[vno</em></strong></span> <span class='ocrx_word' id='word_1_196' title='bbox 672 3235 922 3297; x_wconf 74' lang='grc' dir='ltr'><strong><em>θεαε.λυποτνδεται</em></strong></span> <span class='ocrx_word' id='word_1_197' title='bbox 940 3236 969 3289; x_wconf 88' lang='lat' dir='ltr'>M</span> 
     </span>
     <span class='ocr_line' id='line_1_26' title="bbox 48 3305 1057 3377; baseline 0.002 -19"><span class='ocrx_word' id='word_1_198' title='bbox 48 3312 71 3358; x_wconf 77' lang='lat'><strong><em>4.</em></strong></span> <span class='ocrx_word' id='word_1_199' title='bbox 89 3310 152 3373; x_wconf 83' lang='grc' dir='ltr'><strong><em>δυο,</em></strong></span> <span class='ocrx_word' id='word_1_200' title='bbox 173 3325 188 3358; x_wconf 93' lang='grc' dir='ltr'><strong><em>ο</em></strong></span> <span class='ocrx_word' id='word_1_201' title='bbox 208 3305 315 3373; x_wconf 63' lang='lat' dir='ltr'>iucem,</span> <span class='ocrx_word' id='word_1_202' title='bbox 335 3305 364 3358; x_wconf 83' lang='lat' dir='ltr'><strong>M</strong></span> <span class='ocrx_word' id='word_1_203' title='bbox 383 3306 428 3374; x_wconf 81' lang='grc' dir='ltr'><strong><em>(δὴ</em></strong></span> <span class='ocrx_word' id='word_1_204' title='bbox 447 3309 489 3376; x_wconf 79' lang='lat' dir='ltr'><strong><em>pt)</em></strong></span> <span class='ocrx_word' id='word_1_205' title='bbox 553 3312 595 3360; x_wconf 87' lang='lat'><strong><em>11.</em></strong></span> <span class='ocrx_word' id='word_1_206' title='bbox 616 3313 656 3361; x_wconf 78' lang='lat'><strong><em>12.</em></strong></span> <span class='ocrx_word' id='word_1_207' title='bbox 675 3307 838 3377; x_wconf 69' lang='grc' dir='ltr'><strong><em>ὕποδίηλλοι</em></strong></span> <span class='ocrx_word' id='word_1_208' title='bbox 856 3306 885 3359; x_wconf 87' lang='grc' dir='ltr'><strong>Μ</strong></span> <span class='ocrx_word' id='word_1_209' title='bbox 954 3312 995 3360; x_wconf 87' lang='grc'><strong><em>13.</em></strong></span> <span class='ocrx_word' id='word_1_210' title='bbox 1015 3326 1057 3360; x_wconf 90' lang='grc' dir='ltr'><strong><em>οτι</em></strong></span> 
     </span>
     <span class='ocr_line' id='line_1_27' title="bbox 43 3376 968 3448; baseline -0.002 -17"><span class='ocrx_word' id='word_1_211' title='bbox 43 3394 181 3448; x_wconf 77' lang='grc' dir='ltr'><strong><em>εαρετεοτ.</em></strong></span> <span class='ocrx_word' id='word_1_212' title='bbox 201 3376 232 3430; x_wconf 83' lang='grc' dir='ltr'>Μ</span> <span class='ocrx_word' id='word_1_213' title='bbox 313 3382 354 3432; x_wconf 83' lang='lat'><strong><em>15.</em></strong></span> <span class='ocrx_word' id='word_1_214' title='bbox 374 3379 493 3445; x_wconf 83' lang='grc' dir='ltr'><strong><em>δευτερω</em></strong></span> <span class='ocrx_word' id='word_1_215' title='bbox 511 3377 541 3430; x_wconf 86' lang='grc' dir='ltr'><strong>Μ</strong></span> <span class='ocrx_word' id='word_1_216' title='bbox 622 3383 716 3431; x_wconf 81' lang='lat'>18.19.</span> <span class='ocrx_word' id='word_1_217' title='bbox 736 3380 920 3444; x_wconf 82' lang='grc' dir='ltr'><strong><em>απλονστερος</em></strong></span> <span class='ocrx_word' id='word_1_218' title='bbox 939 3377 968 3429; x_wconf 90' lang='grc' dir='ltr'>Μ</span> 
     </span>
     <span class='ocr_line' id='line_1_28' title="bbox 46 3445 1058 3518; baseline -0.001 -17"><span class='ocrx_word' id='word_1_219' title='bbox 46 3455 85 3502; x_wconf 76' lang='grc'><strong><em>19,</em></strong></span> <span class='ocrx_word' id='word_1_220' title='bbox 105 3447 187 3502; x_wconf 79' lang='grc' dir='ltr'><strong><em>Ευολ.</em></strong></span> <span class='ocrx_word' id='word_1_221' title='bbox 208 3445 288 3501; x_wconf 80' lang='lat' dir='ltr'>elem.</span> <span class='ocrx_word' id='word_1_222' title='bbox 307 3446 320 3500; x_wconf 91' lang='lat' dir='ltr'>l</span> <span class='ocrx_word' id='word_1_223' title='bbox 339 3447 393 3501; x_wconf 81' lang='lat' dir='ltr'><strong>def.</strong></span> <span class='ocrx_word' id='word_1_224' title='bbox 414 3453 447 3501; x_wconf 81' lang='lat'><strong><em>15</em></strong></span> <span class='ocrx_word' id='word_1_225' title='bbox 550 3445 684 3502; x_wconf 78' lang='grc' dir='ltr'><strong><em>ἐπίπεδον</em></strong></span> <span class='ocrx_word' id='word_1_226' title='bbox 703 3452 767 3517; x_wconf 78' lang='lat' dir='ltr'>post</span> <span class='ocrx_word' id='word_1_227' title='bbox 786 3455 875 3518; x_wconf 81' lang='grc' dir='ltr'><strong><em>σχῆμα</em></strong></span> <span class='ocrx_word' id='word_1_228' title='bbox 895 3447 958 3502; x_wconf 81' lang='lat' dir='ltr'><strong>add.</strong></span> <span class='ocrx_word' id='word_1_229' title='bbox 978 3451 1010 3517; x_wconf 78' lang='lat' dir='ltr'><strong><em>pt</em></strong></span> <span class='ocrx_word' id='word_1_230' title='bbox 1029 3450 1058 3500; x_wconf 80' lang='lat' dir='ltr'><strong><em>et</em></strong></span> 
     </span>
     <span class='ocr_line' id='line_1_29' title="bbox 46 3516 1056 3588; baseline -0.001 -16"><span class='ocrx_word' id='word_1_231' title='bbox 46 3518 121 3575; x_wconf 67' lang='lat' dir='ltr'><strong>Suel.</strong></span> <span class='ocrx_word' id='word_1_232' title='bbox 236 3523 278 3570; x_wconf 78' lang='lat'><strong><em>20.</em></strong></span> <span class='ocrx_word' id='word_1_233' title='bbox 301 3516 320 3585; x_wconf 80' lang='grc' dir='ltr'><strong><em>ἣ</em></strong></span> <span class='ocrx_word' id='word_1_234' title='bbox 347 3521 470 3573; x_wconf 74' lang='grc' dir='ltr'><strong><em>καλεῖται</em></strong></span> <span class='ocrx_word' id='word_1_235' title='bbox 497 3516 660 3588; x_wconf 83' lang='grc' dir='ltr'><strong><em>περιφέρεια</em></strong></span> <span class='ocrx_word' id='word_1_236' title='bbox 682 3523 747 3588; x_wconf 77' lang='lat' dir='ltr'><strong>post</strong></span> <span class='ocrx_word' id='word_1_237' title='bbox 771 3516 968 3588; x_wconf 78' lang='grc' dir='ltr'><strong><em>περιεχόμενον</em></strong></span> <span class='ocrx_word' id='word_1_238' title='bbox 992 3517 1056 3571; x_wconf 81' lang='lat' dir='ltr'><strong>add.</strong></span> 
     </span>
     <span class='ocr_line' id='line_1_30' title="bbox 40 3587 1057 3660; baseline -0.003 -15"><span class='ocrx_word' id='word_1_239' title='bbox 40 3589 173 3645; x_wconf 75' lang='lat' dir='ltr'>Euclidin</span> <span class='ocrx_word' id='word_1_240' title='bbox 197 3588 278 3642; x_wconf 85' lang='lat' dir='ltr'>codd.</span> <span class='ocrx_word' id='word_1_241' title='bbox 386 3587 423 3656; x_wconf 84' lang='grc' dir='ltr'><strong><em>ἣν</em></strong></span> <span class='ocrx_word' id='word_1_242' title='bbox 440 3588 493 3658; x_wconf 79' lang='grc' dir='ltr'><strong><em>ἀφ’</em></strong></span> <span class='ocrx_word' id='word_1_243' title='bbox 516 3589 578 3652; x_wconf 76' lang='grc' dir='ltr'><strong><em>ἑνὸς</em></strong></span> <span class='ocrx_word' id='word_1_244' title='bbox 598 3588 712 3660; x_wconf 85' lang='grc' dir='ltr'><strong><em>σημείου</em></strong></span> <span class='ocrx_word' id='word_1_245' title='bbox 736 3599 792 3644; x_wconf 84' lang='grc' dir='ltr'><strong><em>τῶν</em></strong></span> <span class='ocrx_word' id='word_1_246' title='bbox 817 3588 895 3652; x_wconf 76' lang='grc' dir='ltr'><strong><em>ἐντὸς</em></strong></span> <span class='ocrx_word' id='word_1_247' title='bbox 919 3598 968 3643; x_wconf 82' lang='grc' dir='ltr'><strong><em>τοῦ</em></strong></span> <span class='ocrx_word' id='word_1_248' title='bbox 994 3587 1057 3659; x_wconf 77' lang='grc' dir='ltr'><strong><em>σχή-</em></strong></span> 
     </span>
     <span class='ocr_line' id='line_1_31' title="bbox 38 3658 1057 3731; baseline -0.002 -16"><span class='ocrx_word' id='word_1_249' title='bbox 38 3681 130 3731; x_wconf 73' lang='grc' dir='ltr'><strong><em>ματος</em></strong></span> <span class='ocrx_word' id='word_1_250' title='bbox 152 3658 291 3729; x_wconf 73' lang='grc' dir='ltr'><strong><em>κειμένων</em></strong></span> <span class='ocrx_word' id='word_1_251' title='bbox 313 3667 401 3714; x_wconf 73' lang='grc' dir='ltr'><strong><em>πᾶσαι</em></strong></span> <span class='ocrx_word' id='word_1_252' title='bbox 424 3661 455 3715; x_wconf 76' lang='lat' dir='ltr'><strong><em>al</em></strong></span> <span class='ocrx_word' id='word_1_253' title='bbox 476 3659 699 3728; x_wconf 84' lang='grc' dir='ltr'><strong><em>προσπίπτουσαι</em></strong></span> <span class='ocrx_word' id='word_1_254' title='bbox 723 3662 833 3715; x_wconf 77' lang='grc' dir='ltr'><strong><em>εὐθεῖαι</em></strong></span> <span class='ocrx_word' id='word_1_255' title='bbox 851 3661 921 3728; x_wconf 83' lang='grc' dir='ltr'><strong><em>πρὸς</em></strong></span> <span class='ocrx_word' id='word_1_256' title='bbox 938 3660 990 3728; x_wconf 84' lang='grc' dir='ltr'><strong><em>τὴν</em></strong></span> <span class='ocrx_word' id='word_1_257' title='bbox 1008 3668 1057 3713; x_wconf 86' lang='grc' dir='ltr'><strong><em>τοῦ</em></strong></span> 
     </span>
     <span class='ocr_line' id='line_1_32' title="bbox 37 3727 1057 3800; baseline -0.005 -11"><span class='ocrx_word' id='word_1_258' title='bbox 37 3735 148 3789; x_wconf 78' lang='grc' dir='ltr'><strong><em>τόιλον</em></strong></span> <span class='ocrx_word' id='word_1_259' title='bbox 167 3727 353 3800; x_wconf 80' lang='grc' dir='ltr'><strong><em>περιφέρειαν</em></strong></span> <span class='ocrx_word' id='word_1_260' title='bbox 371 3731 430 3785; x_wconf 76' lang='grc' dir='ltr'><strong><em>ἴσαι</em></strong></span> <span class='ocrx_word' id='word_1_261' title='bbox 448 3731 526 3786; x_wconf 85' lang='grc' dir='ltr'><strong><em>Ευοί.</em></strong></span> <span class='ocrx_word' id='word_1_262' title='bbox 635 3738 676 3786; x_wconf 77' lang='lat'><strong><em>2⁶2.</em></strong></span> <span class='ocrx_word' id='word_1_263' title='bbox 696 3731 772 3785; x_wconf 84' lang='lat' dir='ltr'>Eucl.</span> <span class='ocrx_word' id='word_1_264' title='bbox 793 3731 872 3785; x_wconf 80' lang='lat' dir='ltr'>elem.</span> <span class='ocrx_word' id='word_1_265' title='bbox 892 3731 930 3784; x_wconf 86' lang='lat' dir='ltr'><strong><em>XI</em></strong></span> <span class='ocrx_word' id='word_1_266' title='bbox 949 3730 1003 3784; x_wconf 84' lang='lat' dir='ltr'><strong>def.</strong></span> <span class='ocrx_word' id='word_1_267' title='bbox 1024 3736 1057 3784; x_wconf 81' lang='lat'><strong><em>14</em></strong></span> 
     </span>
     <span class='ocr_line' id='line_1_33' title="bbox 35 3798 1057 3873; baseline -0.002 -17"><span class='ocrx_word' id='word_1_268' title='bbox 35 3810 48 3873; x_wconf 89' lang='lat'><strong>(</strong></span> <span class='ocrx_word' id='word_1_269' title='bbox 153 3800 162 3819; x_wconf 87' lang='lat'><strong><em>¹</em></strong></span> <span class='ocrx_word' id='word_1_270' title='bbox 186 3801 276 3868; x_wconf 76' lang='grc' dir='ltr'><strong><em>ἐστιν,</em></strong></span> <span class='ocrx_word' id='word_1_271' title='bbox 299 3798 369 3857; x_wconf 77' lang='grc' dir='ltr'><strong><em>ὅταν</em></strong></span> <span class='ocrx_word' id='word_1_272' title='bbox 390 3800 554 3871; x_wconf 76' lang='grc' dir='ltr'><strong><em>ἡμικυκλίου</em></strong></span> <span class='ocrx_word' id='word_1_273' title='bbox 577 3804 713 3872; x_wconf 77' lang='grc' dir='ltr'><strong><em>μενούσης</em></strong></span> <span class='ocrx_word' id='word_1_274' title='bbox 739 3811 788 3872; x_wconf 82' lang='grc' dir='ltr'><strong><em>της</em></strong></span> <span class='ocrx_word' id='word_1_275' title='bbox 810 3800 960 3870; x_wconf 86' lang='grc' dir='ltr'><strong><em>διαμέτρου</em></strong></span> <span class='ocrx_word' id='word_1_276' title='bbox 982 3820 1057 3869; x_wconf 89' lang='grc' dir='ltr'><strong><em>περι-</em></strong></span> 
     </span>
     <span class='ocr_line' id='line_1_34' title="bbox 34 3869 1063 3948; baseline 0.002 -20"><span class='ocrx_word' id='word_1_277' title='bbox 34 3878 128 3946; x_wconf 66' lang='grc' dir='ltr'><strong><em>ητχθ</em></strong></span> <span class='ocrx_word' id='word_1_278' title='bbox 144 3895 164 3929; x_wconf 81' lang='grc' dir='ltr'><strong><em>τ</em></strong></span> <span class='ocrx_word' id='word_1_279' title='bbox 185 3873 220 3929; x_wconf 77' lang='grc' dir='ltr'><strong><em>τὸ</em></strong></span> <span class='ocrx_word' id='word_1_280' title='bbox 242 3870 408 3942; x_wconf 66' lang='grc' dir='ltr'><strong><em>ἡμικύκλιον</em></strong></span> <span class='ocrx_word' id='word_1_281' title='bbox 426 3873 466 3936; x_wconf 77' lang='grc' dir='ltr'><strong><em>είς</em></strong></span> <span class='ocrx_word' id='word_1_282' title='bbox 483 3875 514 3928; x_wconf 89' lang='grc' dir='ltr'><strong><em>τὸ</em></strong></span> <span class='ocrx_word' id='word_1_283' title='bbox 533 3873 602 3928; x_wconf 73' lang='grc' dir='ltr'><strong><em>αὐτὸ</em></strong></span> <span class='ocrx_word' id='word_1_284' title='bbox 620 3873 705 3928; x_wconf 79' lang='grc' dir='ltr'><strong><em>πάλιν</em></strong></span> <span class='ocrx_word' id='word_1_285' title='bbox 728 3874 967 3948; x_wconf 69' lang='grc' dir='ltr'><strong><em>ἀποκατασταθῇ,</em></strong></span> <span class='ocrx_word' id='word_1_286' title='bbox 990 3869 1063 3932; x_wconf 64' lang='grc' dir='ltr'><strong><em>ὅθεν</em></strong></span> 
     </span>
    </p>
   </div>
   <div class='ocr_carea' id='block_1_6' title="bbox 34 3941 676 4017">
    <p class='ocr_par' dir='ltr' id='par_1_6' title="bbox 34 3941 676 4017">
     <span class='ocr_line' id='line_1_35' title="bbox 34 3941 676 4017; baseline 0.012 -24"><span class='ocrx_word' id='word_1_287' title='bbox 34 3946 146 4017; x_wconf 59' lang='grc' dir='ltr'><strong><em>ἤρξατο</em></strong></span> <span class='ocrx_word' id='word_1_288' title='bbox 165 3941 318 4015; x_wconf 73' lang='grc' dir='ltr'><strong><em>φέρεσθαι,</em></strong></span> <span class='ocrx_word' id='word_1_289' title='bbox 336 3943 367 3998; x_wconf 86' lang='grc' dir='ltr'><strong><em>τδ</em></strong></span> <span class='ocrx_word' id='word_1_290' title='bbox 385 3943 558 4011; x_wconf 74' lang='grc' dir='ltr'><strong><em>περιληφθὲν</em></strong></span> <span class='ocrx_word' id='word_1_291' title='bbox 575 3950 676 4015; x_wconf 76' lang='grc' dir='ltr'><strong><em>σγημα)</em></strong></span> 
     </span>
    </p>
   </div>
   <div class='ocr_carea' id='block_1_7' title="bbox 0 0 1178 4290">
    <p class='ocr_par' dir='ltr' id='par_1_7' title="bbox 0 0 1178 4290">
     <span class='ocr_line' id='line_1_36' title="bbox 0 0 1178 4290; baseline 0 1"><span class='ocrx_word' id='word_1_292' title='bbox 0 0 1178 4290; x_wconf 95' lang='lat' dir='ltr'><strong><em> </em></strong></span> 
     </span>
    </p>
   </div>
  </div>
 </body>
</html>
