2394 4208
10 37 840 336 m

67 558 106 612 1x
121 559 149 632 a]
333 557 381 613 υτ
399 557 654 613 mmmm
672 556 793 614 ωταοε
1004 558 1069 623 329

66 722 151 807 πρὸς
173 724 251 799 τοὺς
274 723 446 807 ἄρχοντας·
468 719 544 806 περὶ
566 725 657 798 τίνος
679 722 741 807 γὰρ
764 722 951 800 στασιάζειν
971 723 1070 806 ήμελ-

67 832 129 892 λον
159 828 191 892 ολ
220 825 372 904 καθάπαξ
403 828 458 892 διδ
488 828 526 891 τὸ
556 837 652 912 κοινή
681 826 856 913 συμφέρον
884 836 944 892 τοῦ
973 826 1070 911 ήδέος

67 937 391 1019 καταφρονήσαντεςς
422 933 558 1016 οὐκοῦν,
586 934 616 997 εί
643 931 803 1016 ἐμπαθεῖς
824 932 885 1017 μέν
907 935 993 998 εἰσιν
1014 931 1070 998 καί

67 1043 116 1104 ἔτι
144 1050 210 1104 τῶν
237 1040 371 1123 ἡδονῶν
392 1039 619 1124 ἀντεχόμενοι,
641 1039 742 1104 πάλιν
764 1038 794 1103 δ’
817 1034 859 1103 αὖ
882 1044 1001 1104 λαθεῖν
1024 1047 1069 1126 τῷ

67 1148 177 1232 χρόνῳ
205 1145 381 1229 ἀδύνατον,
409 1146 454 1223 ὡς
481 1145 543 1210 οὐκ
572 1144 607 1210 ἐκ
636 1147 735 1230 τύχης
765 1144 847 1210 ἀλλὰ
874 1149 974 1233 ψήφῳ
1004 1157 1070 1210 τῶν
1097 1171 1110 1212 ⁵

68 1252 240 1339 ἀρχόντων
263 1252 303 1317 οὐ
326 1254 408 1316 κατὰ
430 1255 624 1337 προαίρεσιν
646 1243 700 1316 οἷα
723 1253 811 1328 εἰκὸς
833 1262 872 1337 τῇ
891 1252 973 1338 αὐτῇ
992 1253 1070 1318 σύν-

68 1376 154 1422 εισιν
181 1357 331 1440 ἕκαστος,
358 1368 427 1434 πῶς
455 1357 517 1422 οὐκ
544 1356 585 1422 άν
613 1357 758 1440 εὐλόγως
785 1359 970 1437 στασιάζειν
995 1357 1070 1442 μέλ-

67 1469 159 1529 λοιεν
187 1464 270 1549 πρὸς
299 1467 378 1540 τοὺς
408 1465 569 1548 άρχοντας
597 1474 664 1528 τῶν
693 1487 727 1528 τε
756 1462 832 1528 καθ’
860 1463 986 1547 ήδονήν
1015 1463 1069 1529 καί

67 1580 125 1653 τῆς
152 1570 316 1653 δοκούσης
341 1571 424 1633 κατὰ
452 1572 556 1653 νόμον
583 1568 734 1647 έξονσίας
762 1571 988 1655 στερούμενοι;
1019 1571 1069 1635 ὅτι

67 1672 129 1760 μὲν
152 1669 225 1758 οὖν,
248 1676 278 1739 εί
300 1677 362 1759 τήν
385 1675 489 1759 αὐτήν
512 1674 562 1740 ἀεὶ
586 1684 631 1763 τῷ
655 1676 744 1764 αὐτῷ
767 1676 823 1740 διὰ
846 1686 913 1740 τῶν
939 1679 1071 1761 κλήρων
1083 1701 1110 1742 ιο

68 1781 245 1865 λαγχάνειν
273 1783 395 1864 ἔλεγεν,
423 1783 496 1845 τότε
519 1785 638 1846 λαθεῖν
659 1777 702 1865 ήν
725 1781 892 1846 άδόνατον
913 1780 968 1845 καί
990 1781 1011 1865 ή
1035 1781 1070 1846 ἐκ

66 1895 128 1951 τοῦ
152 1889 257 1970 νόμον
282 1885 426 1970 ὠφέλεια
449 1888 496 1963 είς
514 1887 712 1952 τούναντίον
729 1890 913 1973 περιήγετο,
932 1891 1070 1971 μετρίως

68 1993 240 2058 δέδεικται.
286 1993 410 2057 ἄτοπον
438 1989 475 2057 δὲ
502 1997 571 2076 καί,
601 1995 630 2058 εί
652 1994 753 2058 λάθοι
775 2003 815 2078 τῇ
838 1994 920 2079 αὐτῇ
944 1994 1071 2058 συνιὼν

68 2099 218 2183 ἕκαστος,
249 2100 306 2163 ἵνα
337 2122 387 2176 τις
417 2097 472 2163 καί
503 2107 602 2164 τοῦτο
634 2106 884 2183 μεμηχανῆσθαι
917 2100 973 2164 διὰ
1003 2109 1070 2164 τῶν

67 2208 200 2290 κλήρων
223 2206 388 2270 Πλάτωνα
416 2208 672 2292 συγχωρήσειεν·
705 2206 812 2290 δόγμα
834 2208 896 2290 γάρ
920 2215 958 2291 τῇ
981 2215 1070 2291 ψυχή
1084 2230 1110 2271 ιτ

67 2313 105 2376 τὸ
129 2314 339 2395 φαυλότατον
361 2314 525 2394 κτήσεται·
560 2307 660 2376 οὐδὲν
683 2313 746 2397 γάρ
769 2313 894 2376 ἄτοπον
915 2313 977 2395 τήν
998 2336 1070 2395 μοι·

67 2415 170 2505 χεήαν
197 2413 282 2482 εἶναι
309 2421 438 2500 νομίσει
465 2416 519 2482 καί
546 2418 608 2500 τήν
633 2419 717 2502 πρὸς
745 2419 802 2495 τὰς
832 2427 991 2501 γυναῖκας
1013 2434 1053 2474 101·
1061 2436 1123 2476 1³³1-

68 2525 225 2609 άόριστον
260 2525 469 2607 συμπλοκήν·
510 2524 540 2587 εί
569 2525 631 2608 γὰρ
661 2525 778 2588 ἄλλοτε
807 2525 889 2608 ἄλλῃ
922 2523 1071 2590 συνιέναι

68 2633 196 2714 νομίζοι
225 2628 281 2694 καλ
310 2638 430 2694 τοῦτον
461 2624 546 2693 εἶναι
572 2639 630 2712 τής
657 2629 791 2715 ἀρίστης
817 2634 985 2707 πολιτείας
1011 2631 1071 2695 τὸν

67 2738 173 2820 νόμον
200 2740 314 2819 οίοιτο,
342 2739 376 2800 τί
401 2734 515 2820 ἕτερον
541 2732 562 2816 ή
585 2736 622 2798 τὸ
646 2727 820 2821 εἰρημένον
843 2735 981 2801 ἕκαστον
1004 2746 1070 2801 τῶν
1084 2762 1111 2801 το

67 2847 214 2907 πολιτῶν
244 2841 404 2906 ὑπονοεῖν
436 2839 575 2923 ἀνάγκης
616 2838 685 2903 ἀλλ’
717 2837 809 2925 οἶμαι
838 2841 937 2907 παντὶ
967 2843 1070 2926 δῆλον

67 2943 169 3031 εἶναι,
199 2948 244 3024 ὡς
271 2956 360 3011 πᾶσα
389 2944 505 3032 πρᾶξις
534 2947 655 3021 άτοπος
684 2946 725 3010 οδ
757 2945 801 3012 δι’
834 2948 938 3032 αὐτήν
968 2950 1070 3032 ψιλήν

67 3056 128 3135 τήν
156 3064 274 3139 χρῆσιν
301 3053 384 3117 ἀλλὰ
411 3054 468 3117 διά
494 3053 531 3116 τὸ
559 3061 619 3117 τοῦ
646 3054 771 3136 τρόπον
798 3055 993 3140 παράνομον
1015 3054 1069 3120 καί

66 3162 128 3244 τήν
156 3170 217 3226 τοῦ
246 3165 408 3243 λογισμοῦ
439 3159 523 3244 πρὸς
553 3167 652 3223 τοῦτο
686 3159 932 3241 συγκατάθεσιν
961 3160 1069 3243 διαβέ-

66 3267 197 3349 βληται·
239 3267 279 3331 οὐ
309 3267 371 3351 γάρ
399 3265 436 3329 τὸ
465 3264 575 3342 ἁπλῶς
603 3263 753 3330 συνιέναι
781 3264 914 3348 γυναικὶ
938 3268 1069 3348 ψεκτόν,
1083 3291 1109 3332 τε

67 3371 150 3435 άλλδ
177 3373 214 3436 τὸ
242 3373 285 3455 μή
313 3373 394 3436 κατὰ
421 3373 538 3454 νόμον·
573 3372 635 3454 τήν
662 3367 699 3435 δὲ
726 3372 808 3434 κατὰ
830 3373 935 3454 νόμον
957 3392 992 3434 τε
1014 3370 1069 3435 καί

66 3479 155 3562 παρὰ
182 3480 287 3561 νόμον
314 3488 432 3562 χρήσιν
459 3485 504 3564 τω·
532 3481 680 3563 λογισμῷ
703 3476 876 3559 δήπουθεν
899 3480 1069 3561 κρίνομεν·

67 3583 85 3648 ὁ
110 3579 173 3648 οὖν
195 3585 255 3648 τὸν
277 3585 439 3667 λογισμὸν
461 3587 590 3666 πείσας,
614 3584 658 3658 ὡς
681 3582 722 3647 οὐ
746 3592 785 3668 τῇ
808 3582 891 3668 αὐτῇ
914 3583 970 3647 διὰ
987 3605 1069 3647 παν-

139 3781 162 3829 1.
181 3772 257 3837 τίνος
274 3773 364 3846 Kroll]
382 3794 462 3836 τινας
479 3773 508 3827 Μ
580 3780 604 3827 2.
624 3771 706 3844 ἡδέος
722 3776 770 3848 pt}
785 3776 868 3839 ϊδεως
883 3774 920 3828 Μ
993 3779 1025 3826 Q.
1042 3773 1090 3840 εῑχ

67 3845 94 3899 οἱ
112 3845 141 3898 Μ
200 3851 240 3898 16,
261 3846 466 3918 φανλοτατήοήν,
487 3862 520 3901 ex
539 3867 568 3917 ω,
588 3846 619 3902 Μ
679 3853 725 3904 22.
745 3844 806 3924 m
823 3847 909 3904 δεΜ
961 3848 1016 3899 Ἃ,
1032 3858 1103 3907 συῒ·

58 3918 206 3967 κατεθεσιν
221 3915 255 3966 M
323 3920 363 3970 25.
386 3934 529 3976 οννειεναι
550 3921 580 3978 Μ
