2394 4208
64 541 145 613 m]
215 547 217 552 ·
327 540 652 598 mmmmm
668 540 791 598 mm
999 540 1066 607 437

63 703 84 788 ἡ
111 707 269 789 λευκότης
295 702 350 770 ταὶ
376 714 465 772 πᾶσα
490 706 639 789 ποιότης·
675 703 744 770 ἀλλ’
768 702 837 770 ἐπεὶ
863 701 941 769 καθ’
964 704 1068 788 αὑτὴν

63 810 248 895 ὑποστῆναι
275 811 295 896 ἡ
322 813 458 895 ποιότης
484 812 525 877 οὑ
548 812 686 878 δύναται
709 808 780 876 ἄλλ’
803 810 840 877 έν
862 809 1067 900 ὑποκειμένῳ

63 915 132 981 τινὶ
158 915 293 1002 μεγέθει
319 919 357 982 τὸ
386 913 471 984 εἶναι
498 921 580 1004 ἔχει,
609 918 865 984 σννδιίστασθαι
892 917 996 1001 αὑτὴν
1021 925 1068 1005 τῷ

65 1021 231 1112 δεξαμένῳ
258 1024 393 1109 μεγέθει
420 1024 559 1109 ἀνάγκη·
594 1024 615 1108 ἡ
643 1021 681 1090 δὲ
704 1022 768 1108 ὑῖη
793 1025 854 1089 οὑκ
876 1023 913 1089 ἐν
934 1023 1070 1109 μεγέθει

64 1131 101 1194 τὸ
126 1125 210 1195 εἶναι
234 1133 300 1215 ἔχει
322 1127 403 1196 οὐδὲ
426 1130 510 1209 ὅλως
533 1129 570 1195 έν
592 1129 691 1218 ἑτέρφ
709 1130 907 1214 ὑφέστηκεν·
929 1129 1070 1195 τοὺναν-
1096 1155 1108 1196 ι

62 1240 139 1300 τίον
166 1239 229 1322 γὰρ
258 1234 438 1322 δεξαμένην
463 1236 519 1302 καὶ
552 1236 753 1322 ὑποβάθραν
782 1237 886 1321 αὐτὴν
915 1236 1070 1302 ἁπάντων

64 1341 268 1426 ὑποθέμενοι
300 1338 385 1408 εἶναι
418 1342 637 1428 ἀπεφήναντο.
682 1353 752 1419 πῶς
779 1338 842 1408 οὑν
870 1343 907 1407 τὸ
941 1342 1070 1428 ἀσώμα-

64 1470 126 1511 τον
153 1447 209 1513 καὶ
236 1446 354 1535 ἀμερὲς
381 1454 555 1536 μερίζεταις
591 1446 649 1537 τίς]
671 1445 708 1514 δὲ
734 1447 789 1514 καὶ
818 1448 836 1515 δ
863 1459 921 1533 τῆς
948 1448 1070 1536 διαιρέ-

65 1572 149 1631 σεως
178 1558 314 1640 τρόποςς
353 1556 394 1621 τδι
424 1559 487 1642 γὰρ
520 1556 737 1641 διαιρούμενα
766 1555 787 1639 ἢ
820 1556 865 1633 ὑς
896 1555 992 1639 γένος
1023 1557 1071 1633 εἰς

65 1661 137 1744 εῖδη
161 1662 351 1747 διαιρεῖται,
374 1663 419 1740 ὡς
440 1663 478 1727 τὸ
502 1666 588 1750 ζῷον
610 1664 657 1740 εἰς
679 1663 782 1727 ἵππον
803 1661 859 1728 καὶ
877 1663 1070 1749 ἄνθρωπον,
1084 1686 1111 1726 ιο

64 1765 85 1850 ἢ
110 1768 154 1844 ὡς
177 1763 267 1845 εἶδος
290 1770 337 1845 εἰς
359 1771 478 1854 ἄτομα,
501 1769 546 1846 δις
569 1771 747 1855 ἄνθρωπος
771 1770 819 1846 εἰς
837 1768 997 1854 Σωκράτη
1016 1766 1071 1833 καὶ

66 1874 246 1958 Πλάτωνα,
269 1880 360 1961 εἴπερ
384 1900 434 1953 τις
455 1875 510 1941 καὶ
533 1884 631 1941 τοῦτο
655 1875 818 1962 διαίρεσιν
840 1879 954 1940 καλεῖν
976 1872 1072 1952 ἀξιώ-

65 1997 165 2063 σειεν,
192 1980 212 2064 ἣ
240 1982 285 2059 ὡς
313 1981 395 2047 δῖον
422 1984 469 2060 εἰς
495 1981 592 2069 μέρη,
619 1982 664 2060 δις
687 1983 866 2068 Σωκράτης
891 1983 939 2058 εἰς
961 1991 1072 2068 χεῖρας

64 2085 120 2151 καὶ
150 2089 256 2165 πόδας
282 2087 336 2154 καὶ
360 2090 510 2172 κεφαλὴν
531 2087 586 2153 καὶ
608 2090 649 2154 τὰ
671 2090 770 2154 λοιπδ
792 2090 893 2174 μόρια
914 2087 935 2172 ἣ
958 2089 995 2153 τὸ
1019 2087 1072 2153 δε·

64 2194 196 2258 κᾶπονν
223 2193 325 2272 ξύλον
352 2197 399 2272 εἰς
426 2197 466 2260 τὰ
493 2194 573 2260 δέκα
599 2195 735 2261 ποδιαῖα
757 2192 853 2279 ξὺλα,
875 2193 896 2278 ἣ
919 2194 964 2271 ὡς
987 2192 1072 2278 δμώ-
1086 2215 1113 2258 ιι

64 2324 171 2383 νυμος
201 2302 296 2385 φανὴ
328 2303 374 2378 εἰς
406 2301 553 2386 διάφορα
583 2305 822 2386 σημαινόμενα,
853 2301 898 2378 ὡς
928 2300 949 2384 ἡ
982 2301 1074 2365 κύων
1121 2316 1144 2349 ⁸

65 2407 161 2490 φωνὴ
190 2408 239 2484 εἰς
264 2408 324 2472 τὸν
354 2407 505 2494 ἄστρῷον
533 2405 588 2472 καὶ
617 2418 773 2495 χερσαῖον
799 2406 854 2472 καὶ
882 2407 1072 2472 θαλάττιον.

65 2513 111 2589 ὡς
133 2510 194 2597 μὲν
217 2509 281 2578 οὑν
303 2514 400 2598 γένος
422 2515 469 2591 εἰς
492 2515 564 2598 εἴδη
588 2514 754 2580 ἀδύνατον
782 2515 985 2600 διαιρεῖσθαι
1012 2514 1074 2596 τὴν
1123 2569 1131 2586 ,

64 2618 164 2703 ὕλην·
200 2623 240 2684 τδι
267 2622 330 2706 γὰρ
358 2621 436 2705 γένη
464 2632 535 2698 ταῖς
563 2622 743 2698 εἰδοποιοῖς
765 2622 942 2705 διαφοραῖς
965 2619 1012 2695 εἰς
1033 2618 1074 2683 τδι

66 2725 138 2808 εῖδη
167 2727 357 2813 διαιρεῖται,
385 2728 405 2811 ἡ
433 2724 471 2791 δέ
497 2725 561 2811 ὑῖη
588 2731 756 2805 παντελῶς
779 2726 870 2793 έστιν
891 2726 973 2790 κατὰ
994 2727 1073 2800 τοὺς
1086 2749 1114 2791 ιο

65 2831 298 2916 ὑποθεμένους
331 2834 435 2917 αὐτὴν
471 2833 627 2911 ἄνείδεος.
672 2836 755 2899 ὥστε
792 2830 870 2898 οὐδὲ
906 2831 1075 2916 διαφορὰν

67 2936 277 3025 συῙστατιιιὴν
298 2938 318 3022 ἦ
343 2940 546 3025 διαιρετικὴν
569 2938 634 3017 ἕξει
653 2938 708 3005 καὶ
727 2940 783 3005 διὰ
800 2947 898 3004 τοῦτο
918 2939 994 3003 οὑτε
1016 2954 1056 2996 τοι
1064 2955 1127 2995 1⁸⁰2·

67 3046 113 3121 ὡς
140 3044 236 3128 γένος
263 3047 311 3123 εἰς
338 3047 409 3130 εἴδη
433 3047 681 3130 διαιρεθήσεται
704 3046 724 3130 ἡ
746 3044 810 3129 ὑλη
834 3042 904 3110 ἀλλ’
927 3040 1008 3110 οὑδὲ
1030 3044 1075 3121 ὡς

68 3146 157 3228 εἶδος
181 3153 228 3228 εἰς
251 3153 368 3236 ἄτομα·
403 3151 459 3217 καὶ
481 3154 544 3238 γὰρ
567 3153 608 3217 τὰ
629 3152 695 3217 ὑπὸ
719 3153 756 3217 τὸ
780 3151 861 3216 αὑτὸ
885 3145 974 3228 εἶδος
996 3148 1075 3215 ἄνα-

67 3259 192 3341 γόμενα
219 3261 324 3343 ἄτομα
347 3259 526 3344 διαφοραῖς
548 3276 637 3323 τισιν
660 3255 713 3322 ἀπ’
737 3258 888 3342 ἀλλήλων
911 3255 1074 3341 τέμνεται·
1087 3280 1115 3322 τι

67 3363 122 3429 καὶ
137 3367 200 3449 γὰρ
215 3366 396 3450 ἄνθρωπος
409 3364 594 3451 ἀνθρώπου
609 3363 663 3429 οιαὶ
678 3365 778 3441 ἵππος
791 3365 895 3429 ἵππον
910 3362 1074 3449 διαφέρει·

68 3472 131 3536 δύο
155 3480 241 3553 γοῦν
263 3473 369 3555 ἄτομα
390 3472 472 3536 κατὰ
493 3472 601 3536 πάντα
623 3471 664 3536 τό
686 3469 770 3535 αὑτὰ
792 3466 878 3536 εἶναι
900 3467 955 3534 καὶ
983 3468 1075 3533 ἄδιᾶ-

68 3602 159 3663 φορα
194 3578 300 3663 πόντη
337 3576 518 3643 ἄδὺνατον·
564 3577 700 3661 οὐκοῦν,
732 3578 763 3642 εἰ
792 3575 849 3641 καὶ
879 3576 900 3660 ἡ
931 3573 994 3660 ὑῖη
1028 3576 1077 3653 εἰς

67 3686 172 3769 ἄτομα
194 3683 359 3768 τέμνεται,
382 3685 549 3749 διοίσουσι
571 3684 701 3761 πάντως
724 3684 876 3768 ἀλλήλων
897 3684 1077 3769 διαφοραῖς

67 3807 157 3855 τισιν
179 3793 219 3854 τὰ
240 3791 306 3856 ὑπὸ
329 3790 391 3873 τὴν
414 3789 519 3873 αὐτὴν
540 3787 626 3875 ὕλην
650 3790 840 3876 ἀναγόμενα
865 3791 986 3872 ἄτομα
1026 3786 1133 3850 ww

63 3899 172 3970 ἄλλοις
197 3895 249 3960 δι’·
284 3895 436 3983 ἄριθμὸν
463 3897 552 3980 ὅλως
581 3896 641 3968 καὶ
664 3903 807 3987 πλῆθος
828 3898 916 3963 ἄνετε
941 3892 1127 3969 δωθθῖῗῑῒ
