2394 4208
34 29 844 336 u

560 168 652 203 σι.

78 606 143 660 XVI
165 608 192 678 1]
345 606 393 660 DE
413 605 669 661 AETERNITATE
688 605 809 662 MVNDI
1022 605 1087 670 565

80 774 198 834 λεσθαι
227 771 286 834 τὸν
312 771 396 835 θεὸν
422 772 465 854 μή
494 766 580 835 εἶναι
607 772 645 835 τὸ
669 772 811 836 ἄτακτον
833 769 947 836 καὶτὸ
971 770 1087 851 βούλε-

80 883 162 940 σθαι
191 872 276 940 εἶναι
304 878 341 941 τὸ
372 875 571 961 τεταγμένον
588 878 713 959 ’λαβὼν
741 878 831 963 παρὰ
858 877 1039 952 Πλάτωνος
1070 875 1087 940 6

81 986 269 1066 φιλόσοφος
301 982 336 1047 ἐκ
367 985 489 1048 τούτου
521 984 622 1048 πάλιν
653 985 690 1049 τὸ
723 983 884 1067 ἀγένητον
914 979 999 1048 εἶναι
1028 982 1089 1046 τὸν

80 1092 208 1172 κόσμον
231 1094 456 1174 συλλογίζεται
476 1088 530 1154 καὶ
549 1088 650 1176 χωρὶς
668 1086 705 1155 ἀὲ
722 1098 784 1155 τοῦ
803 1089 968 1155 Πλάτωνα
985 1095 1089 1152 ταῦτα

80 1195 155 1280 περὶ
184 1206 240 1279 τῆς
266 1205 327 1261 τοῦ
355 1202 440 1260 θεοῦ
467 1198 658 1280 βουλήσεως
681 1196 919 1280 ἀποφήνασθαι
946 1200 1023 1271 ἴσως
1046 1195 1089 1258 ἄν
1115 1220 1128 1261 5

80 1327 130 1379 τις
161 1302 216 1367 καὶ
247 1303 327 1367 αὐτὸ
357 1300 434 1366 καθ’
465 1302 545 1367 αὑτὸ
575 1311 674 1366 τοῦτο
704 1302 784 1386 ἡμῖν
812 1303 1032 1386 προτείνειεν,
1060 1302 1089 1365 εἰ

80 1411 235 1492 βούλεται
255 1409 273 1474 6
291 1410 373 1485 θεὸς
393 1410 436 1492 μή
461 1405 606 1474 εἶναιτὸ
630 1410 770 1472 ἄτακτον
788 1405 843 1472 καὶ
866 1407 895 1472 εἰ
918 1407 955 1472 τὸ
978 1430 1089 1490 τεταγ-

81 1515 183 1600 μένον
211 1512 296 1580 ελναι
322 1517 494 1599 βούλεται,
527 1513 560 1593 ἐξ
588 1510 637 1580 ὧν
662 1517 764 1580 πάλιν
790 1516 832 1580 τά
860 1515 943 1580 αὐτὰ
971 1517 1089 1579 συλλο-

81 1634 210 1706 γιεῑται,
234 1624 366 1687 δίκαιον
384 1622 469 1706 ἡμᾶς
487 1622 761 1706 ἐγγυμνάσασθαι
780 1629 826 1708 τῷ
845 1624 942 1708 λόγῳ.
979 1621 1008 1685 ελ
1027 1621 1089 1705 γὰρ

82 1731 162 1794 αὐτὸ
185 1727 262 1793 καθ’
286 1729 366 1793 αὑτὸ
389 1731 426 1794 τὸ
449 1731 609 1815 θεώρημα
631 1730 879 1812 γυμναζόμενον
901 1728 945 1811 μή
969 1731 1088 1811 φανείη
1103 1752 1129 1792 ιο

82 1840 292 1900 συνελαῦνον
318 1836 402 1920 ἡμᾶς
425 1837 473 1912 εἰς
495 1837 532 1901 τὸ
556 1835 666 1919 λέγειν
688 1837 747 1900 τὸν
768 1836 896 1918 κόσμον
918 1831 1090 1916 ἀγένητον,

82 1939 162 2006 οὐδὲ
191 1944 355 2007 Πλάτωνα
383 1943 557 2026 δήπουθεν
584 1940 803 2024 ἀναγκάσειεν
830 1941 886 2005 διὰ
912 1941 950 2004 τὸ
981 1937 1091 2022 λέγειν

82 2051 267 2131 βούλεσθαι
295 2050 353 2114 τὸν
379 2049 464 2113 θεὸν
491 2046 546 2113 καὶ
574 2049 611 2113 τὸ
635 2049 776 2112 ἄτακτον
798 2049 841 2131 μὴ
866 2041 952 2111 εἶναι
975 2044 1090 2111 καὶτὸ

82 2153 283 2238 τεταγμένον
320 2149 415 2218 εἶναι.
470 2153 571 2238 ὁμόσε
604 2149 641 2217 δὲ
676 2161 722 2240 τῷ
759 2156 847 2241 λόγςο
884 2156 1091 2239 χωρήσαντες

84 2261 313 2344 ὁμολογοῦμεν
350 2258 400 2324 ἀεὶ
436 2262 620 2342 βούλεσθαι
653 2261 712 2326 τὸν
742 2261 827 2325 θεὸν
857 2262 901 2343 μη
935 2255 1020 2324 εἶναι
1052 2259 1089 2322 τὸ
1104 2283 1130 2324 ιο

82 2370 278 2450 πλημμελῶς
306 2364 361 2430 καὶ
391 2365 536 2443 ἀτάκτως
567 2363 785 2453 κινούΙμενον.
831 2374 1011 2451 τοιγαροῦν
1028 2381 1143 2423 somv-

84 2474 160 2537 οὔτε
183 2469 225 2554 ήν
249 2473 325 2536 οὔτε
348 2475 439 2538 ἔστιν
462 2474 539 2538 οὕτε
562 2475 650 2539 ἔσται
675 2474 816 2537 ἄτακτον
837 2475 889 2554 <τι
913 2469 1090 2558 (ἄτακτον>

84 2577 120 2642 δὲ
152 2577 236 2662 λέγω
268 2581 305 2643 τὸ
336 2589 395 2662 τῆς
426 2581 508 2643 κατὰ
544 2579 649 2663 φάσιν
684 2577 804 2656 τάξεως
839 2577 894 2644 καὶ
930 2578 1091 2664 ἁρμονίας

84 2684 330 2770 ἐστερημένον)·
359 2686 399 2750 οὐ
423 2687 486 2770 γάρ
510 2687 619 2770 δήπου
642 2687 782 2770 παράγει
809 2684 872 2770 μέν
898 2708 930 2750 τι
957 2685 976 2750 6
998 2687 1090 2768 θεός,

84 2788 268 2874 πλημμελὲς
291 2788 329 2856 ἀὲ
352 2792 431 2857 αὐτὸ
455 2792 595 2878 παράγει
618 2791 673 2857 καὶ
701 2794 854 2857 ἄτακτον·
891 2801 1003 2877 χεῖρον
1026 2791 1089 2874 γὰρ
1104 2818 1131 2858 νο

84 2899 121 2961 τὸ
149 2909 256 2974 κακῶς
284 2893 370 2962 εἶναι
398 2906 458 2962 τοῦ
486 2895 561 2981 μηδ’
590 2897 675 2974 ὅλως
704 2895 798 2964 εἶναι.
844 2895 916 2962 ἀλλ’
945 2893 1024 2962 οὐδὲ
1055 2896 1091 2961 ἐκ

84 3005 291 3087 ταντομᾶτου
314 3003 334 3087 ή
359 3002 391 3082 ἐξ
415 3005 516 3087 ἄλλης
539 3003 640 3090 ἀρχῆς
664 3006 804 3070 ἄτακτόν
825 3028 857 3068 τι
880 3001 948 3068 κατ’
973 3002 1092 3068 οὐσίαν

85 3120 323 3197 συγχωροῦμεν
354 3110 374 3194 ἢ
407 3105 493 3175 εἶναι
525 3109 546 3194 ή
579 3115 749 3194 γίνεσθαι·
791 3110 929 3186 οὐδενός
959 3132 995 3173 τε
1027 3109 1090 3192 γὰρ

85 3224 193 3282 αἴτιον
216 3219 252 3282 τὸ
272 3217 460 3300 αὐτόματον
477 3214 532 3281 καλ
550 3220 631 3300 μίαν
649 3211 735 3282 εἶναι
753 3218 815 3300 τήν
832 3217 966 3281 πάντων
986 3215 1091 3301 ἀρχὴν

85 3326 301 3408 ὡμολόγηται.
347 3325 413 3407 ἄμα
445 3317 508 3388 οὖν
539 3323 678 3409 παράγει
712 3323 729 3388 6
758 3324 840 3399 θεὸς
868 3321 1007 3388 ἕκαστον
1035 3319 1130 3388 καὶαι

85 3435 165 3517 μετά
187 3443 245 3516 τῆς
267 3432 498 3515 προσηκούσης
522 3430 602 3494 αὐτὸ
625 3431 766 3515 παράγει
783 3427 912 3507 τάξεως.
948 3428 1031 3492 ἀλλὰ
1049 3428 1090 3511 δή

157 3702 180 3749 5.
200 3695 383 3765 ἀποφηήναμε
401 3695 559 3764 ειήνασθαι
577 3692 607 3745 Μ
687 3699 727 3748 14.
747 3693 776 3746 Μ
794 3711 822 3746 m
842 3699 855 3746 1
876 3692 913 3746 ad
932 3692 1014 3761 ὁμοσε
1032 3695 1089 3746 not.

85 3783 186 3836 marg:
215 3767 243 3830 εξ
263 3784 393 3827 εναντιας
411 3785 463 3819 νυν
482 3766 513 3818 σε
532 3783 601 3832 ομον
624 3782 714 3832 ωσπερ
755 3785 791 3832 αρ
814 3767 934 3834 αλλαγον
958 3766 1090 3831 αλλαγοσε

86 3858 172 3899 ουτως
191 3835 260 3904 ὁμου
279 3854 361 3904 ομοσε
466 3841 506 3890 17.
525 3855 552 3890 τι
571 3834 692 3891 ἄτακτον
703 3787 780 3890 ἱᾶὰ.
882 3841 934 3886 Ἃ.
948 3836 1022 3883 mm
1038 3848 1110 3899 ρων

82 3909 178 4026 σημεῖ)
188 3909 345 4046 ιλτοιηεολο
360 3901 588 3980 superscriptum
600 3910 646 3964 est
660 3907 814 3980 signumt
833 3902 946 3977 &fixum
954 3892 1137 3960 mmmm

70 3992 105 4040 sy
126 3992 144 4027 ο
164 3992 199 4028 κο
217 3995 267 4039 ovs
