2394 4208
97 245 110 253 *x

74 520 181 596 1110]
339 519 389 575 ου
406 517 665 574 mmmm
683 517 804 574 ιιοιιυι
1015 518 1081 584 449

75 683 192 771 ἑτέρου
215 685 320 750 δεῖται
342 684 514 767 τοιοῦτον,
538 673 612 748 οἷον
634 681 716 748 αῦτό
741 681 841 768 ἐστιν,
864 684 921 750 ἵνα
939 681 1084 768 γένηται,

76 798 142 856 είτε
165 792 203 856 τὸ
228 786 318 868 εἶδος
341 796 390 874 τίη
414 792 452 855 τὸ
476 792 687 874 γιγνόμενον,
711 789 814 856 άλλου
837 791 989 875 δεήσεται
1015 814 1084 856 τοι·

76 898 181 963 υάτου
201 898 323 981 εἴδους,
341 897 398 963 ἵνα
416 896 561 981 γένηται,
580 893 753 961 καὶτοῦτο
771 897 882 981 πάλιν,
896 898 926 962 εί
944 901 1083 981 γίνοιτο,

78 1002 208 1090 ἑτέρου,
236 1010 301 1069 εἴτε
327 1004 366 1068 τὸ
396 1004 574 1086 σύνθετον,
602 1002 706 1067 ἄλλου
730 1001 900 1068 συνθέτου
923 1004 1084 1089 δεήσεται,

77 1102 154 1176 οἷον
181 1111 262 1176 αὐτό
293 1110 395 1194 ἐστιν,
421 1111 479 1174 ἵνα
500 1109 651 1193 γένηται,
672 1105 816 1196 κά1κείνο
837 1109 950 1195 πάλιν,
973 1111 1003 1175 εί
1026 1126 1066 1167 ¹01·
1075 1128 1137 1170 1⁸⁶1.

78 1222 244 1302 γίγνοιτο,
277 1218 390 1282 ἀλλου.
439 1217 496 1281 ἵνα
527 1211 591 1281 οὖν
621 1213 754 1299 γένηται
791 1217 925 1301 χαλκός,
961 1221 1084 1302 χαλκοῦ
1111 1244 1125 1285 ι

78 1325 230 1409 δεήσεται
262 1328 332 1409 καί,
364 1324 421 1388 ἵνα
453 1322 587 1407 γένηται
618 1324 751 1406 λευκόν,
781 1326 904 1388 λευκοῦ
936 1323 1085 1408 δεήσεται

77 1435 150 1514 καί,
173 1431 229 1496 ἵνα
251 1432 355 1518 βαρύ,
381 1429 510 1516 βαρέος.
554 1437 655 1494 τοῦτο
683 1426 712 1494 δ’
740 1429 865 1494 άτοπόυ
891 1428 995 1495 ἐστιν·
1032 1428 1081 1495 ἐπ’

79 1540 220 1624 άπειρον
251 1539 314 1622 γὰρ
346 1536 474 1602 ἀνιέναι
503 1535 628 1620 ἀνάγκη
657 1533 713 1601 καί
739 1537 843 1622 ταύτῃ
869 1534 925 1602 καὶ
940 1535 1087 1620 ,γένεσιν

79 1644 245 1729 ἀναιρεῖν·
269 1643 438 1709 ἀδύνατον
459 1645 523 1730 γὰρ
548 1640 591 1707 δι’
615 1642 761 1729 ἀπείρων
783 1653 930 1730 χωρῆσαι
951 1645 1013 1728 την
1035 1643 1087 1728 γό·
1101 1671 1128 1710 ιο

79 1771 185 1834 νεσιν,
214 1752 258 1827 ὡς
284 1749 340 1816 κοά
364 1749 401 1815 ἐν
422 1761 494 1828 τοῖς
515 1747 592 1835 περὶ
616 1748 776 1833 γενέσεως
794 1747 1012 1834 Ἀριστοτέλει
1036 1749 1089 1815 θέ-

81 1858 221 1921 όεικται·
243 1855 298 1921 καλ
321 1857 407 1941 πρὸς
428 1864 476 1944 τῳ·
499 1855 609 1944 ἀτόπῳ
632 1853 688 1920 καί
709 1853 786 1941 παρ’
810 1855 915 1940 αὐτὴν
935 1858 998 1941 την
1021 1867 1089 1921 τῶν

79 1964 285 2048 πραγμάτων
312 1962 404 2028 ἐστίν
427 1962 616 2049 ἐνάργειαν·
653 1961 854 2027 τούναντίον
876 1963 939 2047 γάρ
961 1972 1029 2028 πᾶν
1051 1964 1088 2028 τὸ

83 2072 285 2153 γιγνόμενον
308 2065 341 2145 ἐξ
365 2068 406 2134 οὐ
429 2069 562 2134 τοιοῦδε
586 2072 726 2151 γίνεται·
757 2066 790 2147 ἐξ
814 2068 855 2133 οῦ
879 2074 1003 2154 χαλκοῦ
1027 2070 1090 2156 γάρ

83 2177 102 2243 ὁ
126 2176 246 2261 χαλκὸς
268 2178 395 2258 γίνεται
418 2173 474 2239 καὶ
497 2173 530 2252 ἐξ
553 2173 616 2259 οὐχ
637 2174 760 2252 ὕδατος
782 2174 875 2259 ὕδωρ
897 2174 953 2240 καὶ
976 2173 1009 2253 ἐξ
1028 2176 1090 2242 οὐκ
1105 2202 1130 2244 ιι

83 2283 268 2367 ἀνθρώπου
286 2283 467 2367 ἅνθρωπος
490 2278 589 2366 (λέγω
609 2276 646 2345 δὲ
664 2283 747 2345 κατὰ
768 2281 806 2345 τὸ
829 2281 947 2346 ὑλικὸν
970 2288 1091 2348 αίτιον·

83 2388 160 2475 περὶ
181 2390 303 2454 τούτου
323 2389 385 2472 γάρ
404 2396 470 2451 νῦν
487 2387 567 2472 ἡμίν
585 2386 603 2452 ὁ
622 2389 733 2470 λόγος·
757 2387 787 2452 εί
805 2389 868 2474 γὰρ
885 2387 941 2453 καί
960 2390 1092 2477 ἀνθρω-

83 2519 145 2573 πος
169 2497 352 2579 ἄνθρωπον
370 2501 483 2578 γεννᾷ,
503 2492 586 2557 ἀλλά
603 2493 642 2557 τὸ
660 2490 722 2577 μέν
740 2491 831 2558 ἐστιν
848 2503 980 2578 ποιοῦν,
998 2496 1035 2560 τὸ
1055 2492 1092 2562 θλ

84 2604 297 2686 γιγνόμενον·
334 2598 376 2665 οὐ
403 2598 481 2686 περὶ
507 2607 567 2664 τοῦ
594 2608 768 2683 ποιητικοῦ
792 2595 830 2664 δὲ
851 2609 917 2665 υῦν
939 2602 1091 2686 αἰτίουη

85 2713 227 2793 ζήτησις·
251 2706 377 2790 ἀνάγκη
402 2708 464 2792 γάρ
487 2707 524 2771 τὸ
548 2709 749 2790 γιγνόμενον
771 2715 839 2771 πᾶν
861 2705 897 2771 ἐκ
914 2717 1093 2786 ποιοῦντος
1106 2734 1133 2776 ιο

85 2820 277 2899 γίγνεσθαι,
305 2818 370 2877 είτε
399 2813 518 2896 ὅμοιον
545 2817 594 2895 είη
622 2811 660 2876 τὸ
688 2821 810 2877 ποιοῦν
837 2818 902 2878 είτε
932 2812 1093 2898 ἀνόμοιον

85 2928 132 3008 τῳ
165 2919 366 3007 γιγνομένῳ·
407 2917 462 2983 καί
492 2919 555 3004 γάρ
586 2919 615 2983 εί
645 2916 681 2982 ἐκ
712 2922 806 2983 σίτου
837 2929 927 2996 σῖτος
956 2925 1093 3005 γίνεται,

88 3025 158 3092 ἀλλ’
186 3027 231 3104 ὡς
259 3025 295 3091 ἐκ
321 3035 497 3109 ποιητικοῦ
528 3027 637 3090 αἰτίου
668 3028 806 3108 γίνεται·
848 3024 1095 3114 ἐνυπάρχουσιν

88 3136 152 3220 γάρ
172 3135 205 3198 οἱ
224 3131 456 3218 ἀημιουργικοὶ
474 3141 535 3197 τοῦ
553 3130 755 3216 γιγνομένου
775 3134 869 3215 λόγοι
888 3132 925 3198 ἐν
937 3141 985 3221 τῷ
997 3158 1094 3199 κατα-

86 3240 279 3327 βαλλομένην
308 3238 483 3325 σπέρματι,
511 3239 555 3316 ὡς
584 3236 640 3303 καὶ
671 3237 708 3303 ἐν
736 3246 783 3327 τῳ
814 3237 1012 3327 ἀνθρωπείῳ
1039 3240 1094 3306 καί
1108 3267 1135 3309 ιι

89 3357 160 3424 τοῖς
183 3351 327 3431 λοιποῖς,
345 3347 407 3429 τὴν
430 3341 467 3410 δὲ
489 3346 575 3429 ὕλην
596 3348 634 3410 τό
658 3369 693 3410 τε
716 3345 860 3432 ἀρθεῦον
881 3346 974 3431 ὕδωρ
997 3345 1095 3430 καὶὴ

89 3453 311 3540 παρακειμένη
331 3462 372 3536 γῆ
391 3451 606 3536 ὑποτίθησιν,
625 3453 669 3529 ὡς
691 3451 746 3518 καὶ
768 3452 788 3535 ἡ
812 3454 918 3539 μήτρα
940 3454 977 3517 τὸ
1000 3477 1096 3518 κατα-

89 3563 225 3645 μηυιον·
270 3559 401 3643 διόπερ,
438 3561 468 3624 εί
504 3558 648 3624 ἐλλείποι
685 3561 722 3625 τὸ
758 3559 865 3644 ὕδωρ,
898 3558 938 3624 οὐ
971 3561 1027 3624 θιά
1058 3562 1095 3626 τὸ

164 3723 187 3771 1.
207 3734 316 3770 τοιουτο
335 3715 364 3768 Μ
494 3721 518 3771 2.
539 3717 607 3787 ει[η]
626 3715 656 3768 Μ
787 3721 810 3769 9.
831 3734 941 3771 ανιεναι
959 3715 989 3769 in
1008 3734 1096 3787 marg.

90 3787 182 3857 suppl.
201 3787 230 3840 M
333 3786 396 3841 fort.
415 3785 508 3860 <την>
528 3783 635 3893 γέιχετιν
739 3791 782 3842 13.
810 3804 956 3857 εοερηειιιυ
979 3787 1020 3838 Ἃ

85 3900 127 3947 23,
148 3893 321 3962 aocmlaelnov
337 3891 370 3944 M
459 3898 500 3949 27.
522 3860 685 3969 πάκειμενη
700 3895 735 3951 M

123 3987 233 4027 Ioum
244 3989 405 4032 Pmorom
419 3993 457 4036 od.
472 3995 494 4036 B
501 4007 516 4037 ι
523 3999 563 4041 υτ.
947 3983 988 4033 Ὦ
