2394 4208
63 536 103 590 οι
119 536 164 607 ιι]
330 534 378 590 οε
397 533 654 591 mmmmm
671 532 793 588 mm
1005 532 1070 597 369

130 698 191 764 δι’.
216 701 355 783 Μήποτε
378 694 415 763 δὲ
434 698 475 764 οὐ
492 701 601 775 καλῶς
620 706 916 781 συγκεχωρήκαμεν
934 699 971 762 τὸ
991 699 1071 762 ἄνευ

63 805 223 889 γενέσεως
254 807 295 870 τὰ
326 805 397 888 είδη
430 803 580 890 ἀχρόνως
614 803 823 888 ὑφίστασθαι
860 803 897 869 ἐν
934 815 972 890 τή
1004 815 1072 869 τῶν

61 923 208 998 μερικῶν
235 909 378 994 γενέσει,
408 910 549 996 εὐεργὸν
577 908 613 976 δὲ
643 913 749 994 μόνον
778 912 840 994 τήν
868 911 954 995 ὕλην
984 915 1072 994 γίνε-

63 1026 145 1084 σθαι
178 1017 232 1083 καὶ
265 1017 455 1101 ἐπιτηδείαν
486 1017 534 1095 εἰς
565 1019 626 1101 τήν
657 1028 724 1082 τῶν
756 1019 856 1081 εἰδῶν
892 1018 1072 1103 ὑποδοχήν.

62 1128 124 1209 τήν
151 1122 213 1209 μὲν
240 1127 302 1210 γὰρ
331 1134 392 1189 τοῦ
416 1124 528 1201 είδους
550 1127 736 1207 τελειότητα
759 1123 908 1208 ἄχρόνως
930 1125 1071 1209 ὕφίστα-
1099 1149 1111 1190 ε

63 1239 145 1298 σθαι
173 1230 228 1296 καὶ
256 1232 349 1314 ήμείς
377 1235 686 1314 συνομολογοῦμεν,
714 1231 817 1295 αὐτοῦ
844 1229 958 1314 μέντοι
986 1228 1075 1298 εἶναί

64 1362 174 1423 φαμεν
201 1340 261 1422 τήν
289 1337 422 1421 γένεσιν
443 1339 598 1421 μάλιστα·
629 1337 650 1420 ἡ
674 1338 736 1422 γὰρ
760 1336 797 1402 ἐν
820 1347 859 1423 τῇ
882 1342 989 1426 μήτρᾳ
1011 1350 1072 1406 τοῦ

65 1445 212 1529 ἐμβρύου
246 1447 369 1524 ζώωσίς
384 1510 387 1514 Α
401 1467 435 1508 τε
466 1443 522 1509 καὶ
559 1444 734 1520 διάπλασις
771 1444 812 1508 οὐ
849 1445 957 1529 δήπου
990 1446 1072 1531 ὕλης

63 1551 135 1616 ἀλλ’
168 1553 280 1628 εἴδους
312 1550 402 1618 ἐστίν
434 1550 575 1634 γένεσις·
616 1551 667 1616 ὅτι
699 1548 760 1633 μὲν
792 1553 855 1638 γὰρ
889 1555 936 1617 ἔτι
969 1552 1006 1618 ἐν
1032 1564 1071 1640 τή

63 1661 170 1744 μήτρᾳ
188 1658 339 1743 ὑπάρχον
356 1657 394 1722 τὸ
418 1659 565 1743 ἔμβρυον
587 1661 623 1743 ζή
647 1680 681 1721 τε
704 1656 759 1722 καὶ
782 1657 833 1723 ἀεὶ
856 1657 909 1723 ἐπὶ
930 1660 934 1743 Ι
954 1661 992 1724 τὸ
1012 1676 1051 1717 ¹01.
1060 1677 1124 1718 1⁵0v.

64 1775 123 1848 τής
146 1768 228 1848 ζωῆς
249 1763 378 1829 τέλειον
401 1758 490 1841 εἶδος
512 1766 676 1850 πρόεισιν,
699 1763 798 1829 παντὶ
822 1765 936 1849 δήλου,
960 1766 1010 1830 ὅτι
1035 1764 1072 1832 δὲ
1087 1795 1112 1832 ιι

66 1872 128 1955 οὐχ
150 1871 214 1954 ὕλη
238 1880 298 1935 τοῦ
323 1869 408 1958 ζςόου
432 1870 523 1936 ε’στὶν
544 1871 565 1955 ή
589 1873 651 1955 ζωή
676 1869 746 1936 ἀλλ’
769 1866 874 1956 εἶδος,
895 1872 958 1955 ὕλη
979 1869 1016 1938 δὲ
1034 1875 1071 1938 τὸ

64 1978 286 2061 ὑποκείμενον
313 1976 368 2042 καὶ
393 1979 580 2061 ζωούμενον
602 1990 695 2062 σῶμα
717 1977 773 2044 καλ
795 1981 878 2044 κατὰ
900 1981 960 2044 τὸν
984 1981 1073 2045 ίδιον

63 2095 122 2168 τῆς
150 2085 283 2167 φύσεως
310 2093 370 2149 τοῦ
398 2087 549 2168 σώματος
575 2087 678 2168 λόγον
707 2087 839 2171 ἄψυχον
869 2085 925 2151 καὶ
957 2089 1072 2172 ὕζωον,

65 2190 121 2256 καλ
150 2200 249 2258 τοῦτο
281 2193 392 2274 δῆλον.
439 2192 468 2256 ελ
498 2186 561 2256 οὖν
590 2191 645 2257 καὶ
673 2191 755 2278 πρὶν
784 2196 1071 2279 τελεσφορηθήναι
1086 2219 1112 2258 ιι

64 2299 103 2362 τὸ
134 2300 281 2383 ἔμβρυον
311 2301 392 2381 ζωῆς
421 2297 561 2382 μετέχει,
592 2299 621 2363 εἰ
650 2297 705 2363 καὶ
733 2299 870 2377 ἀτελοῦς
897 2303 959 2386 ἔτι,
986 2302 1006 2385 ἡ
1035 2299 1072 2367 δὲ

66 2405 129 2487 ζωή
155 2399 243 2480 εἶδός
266 2403 356 2468 ἐστιν
378 2412 438 2468 τοῦ
463 2402 547 2490 ζῴου
570 2403 625 2468 καὶ
648 2405 710 2489 οὐχ
727 2406 807 2489 ὕλη,
826 2406 907 2490 αὕτη
928 2407 967 2472 δέ
983 2407 1072 2474 ἐστιν

65 2512 86 2595 ἡ
114 2514 222 2597 χρόνῳ
250 2509 304 2575 καὶ
332 2520 371 2595 τῇ
398 2512 480 2575 κατὰ
506 2511 626 2597 μικρὸν
654 2511 781 2595 γενέσει
810 2512 862 2578 ἐπὶ
885 2515 922 2578 τὸ
946 2514 1072 2580 τέλειον

64 2626 230 2702 προϊοῦσα
252 2615 307 2681 καὶ
331 2616 367 2681 ἐν
390 2627 429 2702 τή
451 2620 558 2703 μήτρᾳ
580 2619 617 2681 τὸ
636 2617 763 2684 τέλειον
782 2619 1071 2705 ἀπολαμβάνουσα,

65 2723 128 2788 οὐκ
151 2725 215 2809 ἄρα
238 2723 385 2808 ἀχρόνως
407 2722 462 2788 καὶ
486 2725 566 2788 ἄνευ
589 2724 747 2806 γενέσεως
769 2727 806 2790 τὸ
827 2721 915 2803 εἶδος
932 2726 1072 2809 ὑφίστα-
1086 2752 1113 2791 νο

65 2854 128 2895 ται.
173 2829 227 2894 καὶ
252 2832 370 2907 ἄλλως·
394 2830 493 2907 αὐτός
516 2848 620 2914 φησιν
643 2831 660 2897 ὁ
683 2834 836 2917 Πρόκλος
859 2831 896 2897 ἐν
917 2841 963 2919 τςῦ
983 2831 1072 2897 ἕνδε-

66 2937 153 3024 κοίτῳ
191 2939 278 3024 λόγῳ
315 2946 375 3002 τοῦ
411 2937 630 3022 προκειμένου
667 2940 816 3021 βιβλίου,
853 2939 897 3015 ὡς
934 2939 1073 3025 εὐεργὸν

65 3052 223 3108 ποιοῦσιν
246 3044 279 3108 ολ
301 3054 444 3128 τεχνῖται
467 3046 528 3128 τήν
549 3048 644 3129 μήπω
669 3039 774 3110 οὖσαν
796 3045 881 3128 ὕλην
903 3049 969 3130 καί,
991 3053 1072 3112 καθ·

67 3152 150 3213 όσον
175 3153 421 3235 προκόπτουσιν
449 3152 496 3227 εἰς
522 3152 559 3216 τὸ
587 3162 697 3217 ποιεῖν
722 3152 822 3235 ὕλην,
850 3153 931 3216 κατὰ
958 3161 1073 3217 τοσοῦ-

66 3280 126 3320 τον
155 3261 371 3342 παραγίνεται
397 3258 434 3321 τὸ
464 3253 565 3334 εἶδος·
606 3258 647 3323 οὐ
675 3260 737 3344 γὰρ
766 3260 798 3323 ολ
826 3263 934 3342 λίθοι,
957 3263 1071 3342 φησίν,
1086 3282 1112 3323 ει

64 3372 127 3427 τοῦ
151 3364 262 3440 είδους
285 3373 342 3446 τής
366 3365 471 3440 οἰκίας
493 3365 572 3448 ὕλη,
601 3365 683 3450 πρὶν
705 3362 871 3442 ξεσθῶσιν
893 3364 948 3429 καὶ
972 3365 1072 3449 ἁρμο-

67 3477 212 3552 σθῶσιν,
244 3467 314 3533 ἀλλ’
348 3469 428 3533 ὅταν
459 3479 562 3536 ταῦτα
592 3473 835 3558 προσλάβωσιν.
886 3472 966 3536 ὅταν
998 3473 1072 3557 ὕρα,

67 3579 181 3659 φησίν,
204 3576 249 3651 ὡς
272 3575 406 3660 ἀληθῶς
427 3577 490 3660 ὕλη
514 3577 685 3660 γένωνται,
707 3581 780 3643 τότε
798 3579 956 3663 πάρεστιν
974 3577 1071 3663 ἀχρό-

64 3707 132 3759 νως
164 3684 226 3766 ήδη
260 3683 296 3746 τὸ
330 3678 427 3759 εἶδος.
479 3685 508 3748 εί
541 3679 604 3748 οὖν
636 3683 769 3766 ἀληθῶς
800 3693 902 3749 ταῦτα
934 3683 1020 3767 λέγει
1053 3684 1070 3750 ὁ

140 3844 162 3892 1.
182 3855 246 3908 pag.
262 3844 353 3905 367,ῦ
428 3845 452 3895 8.
472 3839 616 3969 ζωωχσήις,
635 3856 669 3895 ex
689 3858 735 3910 οτ,
749 3840 785 3896 M
860 3847 912 3895 Ἃ.
926 3840 1101 3896 ἳοΧΛῦῖθῑ.

133 3915 173 3961 26.
193 3910 223 3961 εί
237 3909 314 3978 τῦχοι
332 3913 400 3966 ουλε
418 3913 469 3968 καλ
488 3913 527 3968 ad
552 3959 557 3969 .
577 3913 629 3971 fol.
645 3920 745 3971 15821.

100 4002 209 4043 losum
223 4007 383 4052 Ραττοεοκυε
397 4013 434 4056 οδ.
451 4016 543 4061 Βοοο.
924 4007 968 4054 ‘2³²
