<?xml version="1.0" encoding="UTF-8"?>
<!DOCTYPE html PUBLIC "-//W3C//DTD XHTML 1.0 Transitional//EN"
    "http://www.w3.org/TR/xhtml1/DTD/xhtml1-transitional.dtd">
<html xmlns="http://www.w3.org/1999/xhtml" xml:lang="en" lang="en">
 <head>
  <title>
</title>
<meta http-equiv="Content-Type" content="text/html;charset=utf-8" />
  <meta name='ocr-system' content='tesseract 3.04.00' />
  <meta name='ocr-capabilities' content='ocr_page ocr_carea ocr_par ocr_line ocrx_word'/>
</head>
<body>
  <div class='ocr_page' id='page_1' title='image "./ioannesphilopon00philgoog_0566.png"; bbox 0 0 2394 4208; ppageno 0'>
   <div class='ocr_carea' id='block_1_1' title="bbox 564 146 631 259">
    <p class='ocr_par' dir='ltr' id='par_1_1' title="bbox 564 146 631 259">
     <span class='ocr_line' id='line_1_1' title="bbox 564 146 619 205; baseline 0 0"><span class='ocrx_word' id='word_1_1' title='bbox 564 146 619 205; x_wconf 64' lang='grc' dir='ltr'>Ν</span> 
     </span>
     <span class='ocr_line' id='line_1_2' title="bbox 620 242 631 259; baseline 0 0"><span class='ocrx_word' id='word_1_2' title='bbox 620 242 631 259; x_wconf 55' lang='grc' dir='ltr'><strong><em>η’</em></strong></span> 
     </span>
    </p>
   </div>
   <div class='ocr_carea' id='block_1_2' title="bbox 55 528 1069 599">
    <p class='ocr_par' dir='ltr' id='par_1_2' title="bbox 55 528 1069 599">
     <span class='ocr_line' id='line_1_3' title="bbox 55 528 1069 599; baseline 0.014 -17"><span class='ocrx_word' id='word_1_3' title='bbox 55 528 110 582; x_wconf 82' lang='lat' dir='ltr'><strong><em>XV</em></strong></span> <span class='ocrx_word' id='word_1_4' title='bbox 126 530 153 599; x_wconf 85' lang='lat'><strong><em>3]</em></strong></span> <span class='ocrx_word' id='word_1_5' title='bbox 324 529 372 583; x_wconf 84' lang='lat' dir='ltr'><strong><em>DE</em></strong></span> <span class='ocrx_word' id='word_1_6' title='bbox 391 530 649 585; x_wconf 79' lang='lat' dir='ltr'><strong>AETERNITATE</strong></span> <span class='ocrx_word' id='word_1_7' title='bbox 667 530 789 586; x_wconf 81' lang='lat' dir='ltr'><strong>MVNDI</strong></span> <span class='ocrx_word' id='word_1_8' title='bbox 1002 531 1069 596; x_wconf 79' lang='lat'><strong><em>559</em></strong></span> 
     </span>
    </p>
   </div>
   <div class='ocr_carea' id='block_1_3' title="bbox 54 688 1118 3012">
    <p class='ocr_par' dir='ltr' id='par_1_3' title="bbox 54 688 1118 3012">
     <span class='ocr_line' id='line_1_4' title="bbox 56 688 1066 781; baseline 0.004 -26"><span class='ocrx_word' id='word_1_9' title='bbox 56 695 179 775; x_wconf 83' lang='grc' dir='ltr'><strong><em>πλήσια</em></strong></span> <span class='ocrx_word' id='word_1_10' title='bbox 207 690 334 781; x_wconf 76' lang='grc' dir='ltr'><strong><em>ἕαυτῷ’.</em></strong></span> <span class='ocrx_word' id='word_1_11' title='bbox 380 688 431 776; x_wconf 83' lang='grc' dir='ltr'><strong><em>ἆρ’</em></strong></span> <span class='ocrx_word' id='word_1_12' title='bbox 455 689 518 758; x_wconf 86' lang='grc' dir='ltr'><strong><em>οὖν</em></strong></span> <span class='ocrx_word' id='word_1_13' title='bbox 541 695 597 758; x_wconf 79' lang='grc' dir='ltr'><strong><em>διὰ</em></strong></span> <span class='ocrx_word' id='word_1_14' title='bbox 619 696 657 758; x_wconf 90' lang='grc' dir='ltr'><strong><em>τὸ</em></strong></span> <span class='ocrx_word' id='word_1_15' title='bbox 679 695 787 759; x_wconf 77' lang='grc' dir='ltr'><strong><em>πάντα</em></strong></span> <span class='ocrx_word' id='word_1_16' title='bbox 809 700 880 781; x_wconf 77' lang='grc' dir='ltr'><strong><em>θεῷ</em></strong></span> <span class='ocrx_word' id='word_1_17' title='bbox 908 693 1066 778; x_wconf 79' lang='grc' dir='ltr'><strong><em>λέγεσθαι</em></strong></span> 
     </span>
     <span class='ocr_line' id='line_1_5' title="bbox 58 795 1066 884; baseline 0.004 -22"><span class='ocrx_word' id='word_1_18' title='bbox 58 795 143 863; x_wconf 80' lang='grc' dir='ltr'><strong><em>εἶναι</em></strong></span> <span class='ocrx_word' id='word_1_19' title='bbox 166 803 387 884; x_wconf 80' lang='grc' dir='ltr'><strong><em>παραπλήσια,</em></strong></span> <span class='ocrx_word' id='word_1_20' title='bbox 411 801 471 864; x_wconf 90' lang='grc' dir='ltr'><strong><em>τὸν</em></strong></span> <span class='ocrx_word' id='word_1_21' title='bbox 494 797 531 865; x_wconf 75' lang='grc' dir='ltr'><strong><em>δὲ</em></strong></span> <span class='ocrx_word' id='word_1_22' title='bbox 553 801 638 866; x_wconf 91' lang='grc' dir='ltr'><strong><em>θεὸν</em></strong></span> <span class='ocrx_word' id='word_1_23' title='bbox 661 800 712 866; x_wconf 80' lang='grc' dir='ltr'><strong><em>ἀεὶ</em></strong></span> <span class='ocrx_word' id='word_1_24' title='bbox 736 797 895 866; x_wconf 79' lang='grc' dir='ltr'><strong><em>εἶναικαὶ</em></strong></span> <span class='ocrx_word' id='word_1_25' title='bbox 914 799 965 866; x_wconf 76' lang='grc' dir='ltr'><strong><em>ἀεὶ</em></strong></span> <span class='ocrx_word' id='word_1_26' title='bbox 985 803 1066 866; x_wconf 78' lang='grc' dir='ltr'><strong><em>κατὰ</em></strong></span> 
     </span>
     <span class='ocr_line' id='line_1_6' title="bbox 55 905 1066 994; baseline 0.004 -26"><span class='ocrx_word' id='word_1_27' title='bbox 55 907 96 969; x_wconf 81' lang='grc' dir='ltr'><strong><em>τὰ</em></strong></span> <span class='ocrx_word' id='word_1_28' title='bbox 123 905 207 969; x_wconf 78' lang='grc' dir='ltr'><strong><em>αὐτὰ</em></strong></span> <span class='ocrx_word' id='word_1_29' title='bbox 233 905 288 970; x_wconf 80' lang='grc' dir='ltr'><strong><em>καὶ</em></strong></span> <span class='ocrx_word' id='word_1_30' title='bbox 316 907 471 983; x_wconf 80' lang='grc' dir='ltr'><strong><em>ὡσαύτως</em></strong></span> <span class='ocrx_word' id='word_1_31' title='bbox 499 910 587 991; x_wconf 80' lang='grc' dir='ltr'><strong><em>ἔχειν</em></strong></span> <span class='ocrx_word' id='word_1_32' title='bbox 617 905 846 994; x_wconf 73' lang='grc' dir='ltr'><strong><em>ἀναιρήσομεν</em></strong></span> <span class='ocrx_word' id='word_1_33' title='bbox 873 907 909 972; x_wconf 81' lang='grc' dir='ltr'><strong><em>ἐκ</em></strong></span> <span class='ocrx_word' id='word_1_34' title='bbox 931 908 1066 972; x_wconf 80' lang='grc' dir='ltr'><strong><em>πόντων</em></strong></span> 
     </span>
     <span class='ocr_line' id='line_1_7' title="bbox 55 1011 1065 1098; baseline 0.003 -23"><span class='ocrx_word' id='word_1_35' title='bbox 55 1023 123 1075; x_wconf 86' lang='grc' dir='ltr'><strong><em>τῶν</em></strong></span> <span class='ocrx_word' id='word_1_36' title='bbox 146 1015 253 1077; x_wconf 82' lang='grc' dir='ltr'><strong><em>όντων</em></strong></span> <span class='ocrx_word' id='word_1_37' title='bbox 276 1014 336 1095; x_wconf 76' lang='grc' dir='ltr'><strong><em>τὴν</em></strong></span> <span class='ocrx_word' id='word_1_38' title='bbox 359 1015 498 1097; x_wconf 81' lang='grc' dir='ltr'><strong><em>φθορὰν</em></strong></span> <span class='ocrx_word' id='word_1_39' title='bbox 520 1011 575 1078; x_wconf 80' lang='grc' dir='ltr'><strong><em>καὶ</em></strong></span> <span class='ocrx_word' id='word_1_40' title='bbox 598 1015 659 1096; x_wconf 76' lang='grc' dir='ltr'><strong><em>τὴν</em></strong></span> <span class='ocrx_word' id='word_1_41' title='bbox 677 1012 809 1096; x_wconf 76' lang='grc' dir='ltr'><strong><em>γένεσιν</em></strong></span> <span class='ocrx_word' id='word_1_42' title='bbox 827 1011 882 1078; x_wconf 78' lang='grc' dir='ltr'><strong><em>καὶ</em></strong></span> <span class='ocrx_word' id='word_1_43' title='bbox 901 1015 985 1091; x_wconf 80' lang='grc' dir='ltr'><strong><em>ὅλως</em></strong></span> <span class='ocrx_word' id='word_1_44' title='bbox 1004 1015 1065 1098; x_wconf 73' lang='grc' dir='ltr'><strong><em>τὴν</em></strong></span> 
     </span>
     <span class='ocr_line' id='line_1_8' title="bbox 55 1115 1108 1208; baseline 0.006 -28"><span class='ocrx_word' id='word_1_45' title='bbox 55 1121 256 1202; x_wconf 80' lang='grc' dir='ltr'><strong><em>μεταβολήν,</em></strong></span> <span class='ocrx_word' id='word_1_46' title='bbox 283 1115 322 1202; x_wconf 74' lang='grc' dir='ltr'><strong><em>ἧς</em></strong></span> <span class='ocrx_word' id='word_1_47' title='bbox 350 1119 451 1184; x_wconf 78' lang='grc' dir='ltr'><strong><em>οὐδέν</em></strong></span> <span class='ocrx_word' id='word_1_48' title='bbox 479 1119 570 1184; x_wconf 80' lang='grc' dir='ltr'><strong><em>ἐστιν</em></strong></span> <span class='ocrx_word' id='word_1_49' title='bbox 597 1131 664 1184; x_wconf 86' lang='grc' dir='ltr'><strong><em>τῶν</em></strong></span> <span class='ocrx_word' id='word_1_50' title='bbox 692 1119 729 1184; x_wconf 81' lang='grc' dir='ltr'><strong><em>ἐν</em></strong></span> <span class='ocrx_word' id='word_1_51' title='bbox 756 1128 802 1207; x_wconf 73' lang='grc' dir='ltr'><strong><em>τῷ</em></strong></span> <span class='ocrx_word' id='word_1_52' title='bbox 831 1124 943 1208; x_wconf 83' lang='grc' dir='ltr'><strong><em>κόσμφ</em></strong></span> <span class='ocrx_word' id='word_1_53' title='bbox 972 1123 1064 1204; x_wconf 78' lang='grc' dir='ltr'><strong><em>όμοι-</em></strong></span> <span class='ocrx_word' id='word_1_54' title='bbox 1092 1147 1108 1187; x_wconf 80' lang='grc' dir='ltr'><strong><em>ι</em></strong></span> 
     </span>
     <span class='ocr_line' id='line_1_9' title="bbox 56 1223 1065 1310; baseline 0.006 -23"><span class='ocrx_word' id='word_1_55' title='bbox 56 1248 132 1309; x_wconf 81' lang='grc' dir='ltr'><strong><em>ρον;</em></strong></span> <span class='ocrx_word' id='word_1_56' title='bbox 174 1223 193 1306; x_wconf 78' lang='grc' dir='ltr'>ἢ</span> <span class='ocrx_word' id='word_1_57' title='bbox 226 1224 364 1290; x_wconf 77' lang='grc' dir='ltr'><strong><em>ἕκαστον</em></strong></span> <span class='ocrx_word' id='word_1_58' title='bbox 395 1237 463 1290; x_wconf 86' lang='grc' dir='ltr'><strong><em>τῶν</em></strong></span> <span class='ocrx_word' id='word_1_59' title='bbox 495 1228 602 1292; x_wconf 85' lang='grc' dir='ltr'><strong><em>ὄντων</em></strong></span> <span class='ocrx_word' id='word_1_60' title='bbox 633 1228 715 1291; x_wconf 83' lang='grc' dir='ltr'><strong><em>κατὰ</em></strong></span> <span class='ocrx_word' id='word_1_61' title='bbox 747 1227 892 1310; x_wconf 79' lang='grc' dir='ltr'><strong><em>δύναμιν</em></strong></span> <span class='ocrx_word' id='word_1_62' title='bbox 928 1226 983 1292; x_wconf 77' lang='grc' dir='ltr'><strong><em>καί</em></strong></span> <span class='ocrx_word' id='word_1_63' title='bbox 1021 1228 1065 1304; x_wconf 79' lang='grc' dir='ltr'><strong><em>ὡς</em></strong></span> 
     </span>
     <span class='ocr_line' id='line_1_10' title="bbox 54 1330 1064 1419; baseline 0.003 -25"><span class='ocrx_word' id='word_1_64' title='bbox 54 1330 184 1413; x_wconf 83' lang='grc' dir='ltr'><strong><em>κε’φνκε</em></strong></span> <span class='ocrx_word' id='word_1_65' title='bbox 221 1334 282 1415; x_wconf 80' lang='grc' dir='ltr'><strong><em>τὴν</em></strong></span> <span class='ocrx_word' id='word_1_66' title='bbox 318 1333 401 1419; x_wconf 83' lang='grc' dir='ltr'><strong><em>πρὸς</em></strong></span> <span class='ocrx_word' id='word_1_67' title='bbox 436 1334 498 1415; x_wconf 79' lang='grc' dir='ltr'><strong><em>τὴν</em></strong></span> <span class='ocrx_word' id='word_1_68' title='bbox 533 1335 668 1418; x_wconf 78' lang='grc' dir='ltr'><strong><em>πρώτην</em></strong></span> <span class='ocrx_word' id='word_1_69' title='bbox 705 1333 810 1418; x_wconf 78' lang='grc' dir='ltr'><strong><em>ἀρχὴν</em></strong></span> <span class='ocrx_word' id='word_1_70' title='bbox 845 1335 906 1416; x_wconf 81' lang='grc' dir='ltr'><strong><em>τὴν</em></strong></span> <span class='ocrx_word' id='word_1_71' title='bbox 943 1332 1064 1399; x_wconf 80' lang='grc' dir='ltr'><strong><em>ἑαυτοῦ</em></strong></span> 
     </span>
     <span class='ocr_line' id='line_1_11' title="bbox 56 1434 1063 1524; baseline 0.003 -22"><span class='ocrx_word' id='word_1_72' title='bbox 56 1437 217 1522; x_wconf 85' lang='grc' dir='ltr'><strong><em>ὁμοίωσιν</em></strong></span> <span class='ocrx_word' id='word_1_73' title='bbox 246 1437 436 1518; x_wconf 71' lang='grc' dir='ltr'><strong><em>ἄνεόίξατος</em></strong></span> <span class='ocrx_word' id='word_1_74' title='bbox 478 1439 565 1504; x_wconf 79' lang='grc' dir='ltr'><strong><em>οὕτω</em></strong></span> <span class='ocrx_word' id='word_1_75' title='bbox 596 1441 636 1523; x_wconf 76' lang='grc' dir='ltr'><strong><em>δὴ</em></strong></span> <span class='ocrx_word' id='word_1_76' title='bbox 668 1434 731 1504; x_wconf 83' lang='grc' dir='ltr'><strong><em>οὖν</em></strong></span> <span class='ocrx_word' id='word_1_77' title='bbox 760 1439 979 1524; x_wconf 80' lang='grc' dir='ltr'><em>εὐγνωμόνως</em></span> <span class='ocrx_word' id='word_1_78' title='bbox 1009 1439 1063 1505; x_wconf 77' lang='grc' dir='ltr'><strong><em>καί</em></strong></span> 
     </span>
     <span class='ocr_line' id='line_1_12' title="bbox 56 1543 1065 1631; baseline 0.003 -23"><span class='ocrx_word' id='word_1_79' title='bbox 56 1543 109 1608; x_wconf 78' lang='grc' dir='ltr'><strong><em>ἐπὶ</em></strong></span> <span class='ocrx_word' id='word_1_80' title='bbox 138 1554 197 1608; x_wconf 90' lang='grc' dir='ltr'><strong><em>τοῦ</em></strong></span> <span class='ocrx_word' id='word_1_81' title='bbox 225 1549 351 1630; x_wconf 85' lang='grc' dir='ltr'><em>κόσμου</em></span> <span class='ocrx_word' id='word_1_82' title='bbox 380 1547 441 1629; x_wconf 81' lang='grc' dir='ltr'><strong><em>τὴν</em></strong></span> <span class='ocrx_word' id='word_1_83' title='bbox 463 1546 546 1631; x_wconf 78' lang='grc' dir='ltr'><strong><em>πρὸς</em></strong></span> <span class='ocrx_word' id='word_1_84' title='bbox 569 1546 606 1610; x_wconf 89' lang='grc' dir='ltr'><strong><em>τὸ</em></strong></span> <span class='ocrx_word' id='word_1_85' title='bbox 630 1547 772 1623; x_wconf 81' lang='grc' dir='ltr'><strong><em>αλωνίως</em></strong></span> <span class='ocrx_word' id='word_1_86' title='bbox 795 1546 836 1611; x_wconf 83' lang='grc' dir='ltr'><strong><em>ὃν</em></strong></span> <span class='ocrx_word' id='word_1_87' title='bbox 857 1547 1065 1631; x_wconf 78' lang='grc' dir='ltr'><strong><em>παράδειγμα</em></strong></span> 
     </span>
     <span class='ocr_line' id='line_1_13' title="bbox 57 1651 1107 1738; baseline 0.003 -23"><span class='ocrx_word' id='word_1_88' title='bbox 57 1651 218 1734; x_wconf 85' lang='grc' dir='ltr'><strong><em>ὁμοίωσιν</em></strong></span> <span class='ocrx_word' id='word_1_89' title='bbox 241 1651 454 1736; x_wconf 75' lang='grc' dir='ltr'><strong><em>ἀκουσόμεθα</em></strong></span> <span class='ocrx_word' id='word_1_90' title='bbox 478 1652 539 1716; x_wconf 87' lang='grc' dir='ltr'><strong><em>οὐκ</em></strong></span> <span class='ocrx_word' id='word_1_91' title='bbox 563 1651 778 1736; x_wconf 79' lang='grc' dir='ltr'><strong><em>ἀναιροῦντες</em></strong></span> <span class='ocrx_word' id='word_1_92' title='bbox 795 1653 832 1716; x_wconf 85' lang='grc' dir='ltr'><strong><em>τὸ</em></strong></span> <span class='ocrx_word' id='word_1_93' title='bbox 853 1651 958 1738; x_wconf 77' lang='grc' dir='ltr'><strong><em>ἀρχὴν</em></strong></span> <span class='ocrx_word' id='word_1_94' title='bbox 977 1656 1065 1738; x_wconf 83' lang='grc' dir='ltr'><strong><em>ἔχειν</em></strong></span> <span class='ocrx_word' id='word_1_95' title='bbox 1079 1680 1107 1719; x_wconf 83' lang='grc' dir='ltr'><strong><em>ιο</em></strong></span> 
     </span>
     <span class='ocr_line' id='line_1_14' title="bbox 55 1757 1064 1846; baseline 0.002 -25"><span class='ocrx_word' id='word_1_96' title='bbox 55 1759 116 1821; x_wconf 89' lang='grc' dir='ltr'><strong><em>τὸν</em></strong></span> <span class='ocrx_word' id='word_1_97' title='bbox 146 1761 269 1842; x_wconf 84' lang='grc' dir='ltr'><strong><em>χρόνον</em></strong></span> <span class='ocrx_word' id='word_1_98' title='bbox 298 1757 353 1822; x_wconf 80' lang='grc' dir='ltr'><strong><em>καὶ</em></strong></span> <span class='ocrx_word' id='word_1_99' title='bbox 383 1760 443 1822; x_wconf 89' lang='grc' dir='ltr'><strong><em>τὸν</em></strong></span> <span class='ocrx_word' id='word_1_100' title='bbox 472 1760 600 1841; x_wconf 84' lang='grc' dir='ltr'><strong><em>κόσμον</em></strong></span> <span class='ocrx_word' id='word_1_101' title='bbox 629 1769 781 1843; x_wconf 81' lang='grc' dir='ltr'><strong><em>φανερῶς</em></strong></span> <span class='ocrx_word' id='word_1_102' title='bbox 813 1760 989 1846; x_wconf 78' lang='grc' dir='ltr'><strong><em>εἰρημένον</em></strong></span> <span class='ocrx_word' id='word_1_103' title='bbox 1018 1767 1064 1846; x_wconf 84' lang='grc' dir='ltr'><strong><em>τῷ</em></strong></span> 
     </span>
     <span class='ocr_line' id='line_1_15' title="bbox 56 1859 1065 1953; baseline 0.001 -25"><span class='ocrx_word' id='word_1_104' title='bbox 56 1866 212 1928; x_wconf 78' lang='grc' dir='ltr'><strong><em>Πλάτωνι</em></strong></span> <span class='ocrx_word' id='word_1_105' title='bbox 246 1862 329 1947; x_wconf 84' lang='grc' dir='ltr'><strong><em>ἀλλ’,</em></strong></span> <span class='ocrx_word' id='word_1_106' title='bbox 368 1864 412 1941; x_wconf 80' lang='grc' dir='ltr'><strong><em>ὡς</em></strong></span> <span class='ocrx_word' id='word_1_107' title='bbox 444 1864 544 1941; x_wconf 85' lang='grc' dir='ltr'><strong><em>αὐτὸς</em></strong></span> <span class='ocrx_word' id='word_1_108' title='bbox 576 1859 667 1928; x_wconf 82' lang='grc' dir='ltr'><strong><em>εἶπεν</em></strong></span> <span class='ocrx_word' id='word_1_109' title='bbox 700 1864 717 1929; x_wconf 86' lang='grc' dir='ltr'>ὁ</span> <span class='ocrx_word' id='word_1_110' title='bbox 750 1865 907 1949; x_wconf 81' lang='grc' dir='ltr'><strong><em>Πλάτων,</em></strong></span> <span class='ocrx_word' id='word_1_111' title='bbox 944 1873 990 1953; x_wconf 75' lang='grc' dir='ltr'><strong><em>τῷ</em></strong></span> <span class='ocrx_word' id='word_1_112' title='bbox 1028 1864 1065 1929; x_wconf 81' lang='grc' dir='ltr'><strong><em>ἐν</em></strong></span> 
     </span>
     <span class='ocr_line' id='line_1_16' title="bbox 55 1966 1064 2058; baseline 0.003 -25"><span class='ocrx_word' id='word_1_113' title='bbox 55 1969 154 2034; x_wconf 80' lang='grc' dir='ltr'><strong><em>παντὶ</em></strong></span> <span class='ocrx_word' id='word_1_114' title='bbox 189 1966 273 2034; x_wconf 80' lang='grc' dir='ltr'><strong><em>εἶναι</em></strong></span> <span class='ocrx_word' id='word_1_115' title='bbox 303 1978 348 2056; x_wconf 77' lang='grc' dir='ltr'><strong><em>τῷ</em></strong></span> <span class='ocrx_word' id='word_1_116' title='bbox 379 1973 487 2058; x_wconf 79' lang='grc' dir='ltr'><strong><em>χρόνῳ</em></strong></span> <span class='ocrx_word' id='word_1_117' title='bbox 517 1971 578 2034; x_wconf 88' lang='grc' dir='ltr'><strong><em>τὸν</em></strong></span> <span class='ocrx_word' id='word_1_118' title='bbox 606 1972 743 2055; x_wconf 79' lang='grc' dir='ltr'><strong><em>κόσμον,</em></strong></span> <span class='ocrx_word' id='word_1_119' title='bbox 773 1970 836 2035; x_wconf 83' lang='grc' dir='ltr'><strong><em>κόὶν</em></strong></span> <span class='ocrx_word' id='word_1_120' title='bbox 868 1970 972 2057; x_wconf 81' lang='grc' dir='ltr'><strong><em>ἀρχὴν</em></strong></span> <span class='ocrx_word' id='word_1_121' title='bbox 1004 1981 1064 2037; x_wconf 88' lang='grc' dir='ltr'><strong><em>τοῦ</em></strong></span> 
     </span>
     <span class='ocr_line' id='line_1_17' title="bbox 55 2072 1064 2166; baseline 0.002 -25"><span class='ocrx_word' id='word_1_122' title='bbox 55 2073 140 2141; x_wconf 82' lang='grc' dir='ltr'><strong><em>εἶναι</em></strong></span> <span class='ocrx_word' id='word_1_123' title='bbox 170 2081 225 2162; x_wconf 75' lang='grc' dir='ltr'><strong><em>ἔχῃ</em></strong></span> <span class='ocrx_word' id='word_1_124' title='bbox 255 2077 272 2140; x_wconf 86' lang='grc' dir='ltr'>ὁ</span> <span class='ocrx_word' id='word_1_125' title='bbox 301 2079 435 2162; x_wconf 82' lang='grc' dir='ltr'><strong><em>χρόνος,</em></strong></span> <span class='ocrx_word' id='word_1_126' title='bbox 463 2078 581 2160; x_wconf 80' lang='grc' dir='ltr'><strong><em>ὅμοιον</em></strong></span> <span class='ocrx_word' id='word_1_127' title='bbox 609 2076 712 2141; x_wconf 86' lang='grc' dir='ltr'><strong><em>αὐτὸν</em></strong></span> <span class='ocrx_word' id='word_1_128' title='bbox 735 2072 820 2142; x_wconf 81' lang='grc' dir='ltr'><strong><em>εἶναι</em></strong></span> <span class='ocrx_word' id='word_1_129' title='bbox 845 2082 996 2162; x_wconf 69' lang='grc' dir='ltr'><strong><em>φήσομεν</em></strong></span> <span class='ocrx_word' id='word_1_130' title='bbox 1018 2087 1064 2166; x_wconf 77' lang='grc' dir='ltr'><strong><em>τῷ</em></strong></span> 
     </span>
     <span class='ocr_line' id='line_1_18' title="bbox 55 2181 1118 2271; baseline 0.002 -24"><span class='ocrx_word' id='word_1_131' title='bbox 55 2185 162 2247; x_wconf 74' lang='grc' dir='ltr'><strong><em>πάντα</em></strong></span> <span class='ocrx_word' id='word_1_132' title='bbox 184 2186 243 2248; x_wconf 90' lang='grc' dir='ltr'><strong><em>τὸν</em></strong></span> <span class='ocrx_word' id='word_1_133' title='bbox 267 2185 371 2247; x_wconf 81' lang='grc' dir='ltr'><strong><em>αἰῶνα</em></strong></span> <span class='ocrx_word' id='word_1_134' title='bbox 395 2183 466 2246; x_wconf 78' lang='grc' dir='ltr'><strong><em>’όντι</em></strong></span> <span class='ocrx_word' id='word_1_135' title='bbox 489 2184 737 2267; x_wconf 78' lang='grc' dir='ltr'><strong><em>παραδείγματι.</em></strong></span> <span class='ocrx_word' id='word_1_136' title='bbox 783 2181 900 2271; x_wconf 71' lang='grc' dir='ltr'><strong><em>ὅτιλὸὲ</em></strong></span> <span class='ocrx_word' id='word_1_137' title='bbox 927 2183 982 2249; x_wconf 78' lang='grc' dir='ltr'><strong><em>καί</em></strong></span> <span class='ocrx_word' id='word_1_138' title='bbox 1006 2202 1118 2242; x_wconf 54' lang='lat' dir='ltr'><strong><em>fol-2³&amp;-</em></strong></span> 
     </span>
     <span class='ocr_line' id='line_1_19' title="bbox 56 2287 1104 2376; baseline 0.006 -23"><span class='ocrx_word' id='word_1_139' title='bbox 56 2292 92 2353; x_wconf 88' lang='grc' dir='ltr'><strong><em>τὸ</em></strong></span> <span class='ocrx_word' id='word_1_140' title='bbox 124 2289 298 2372; x_wconf 78' lang='grc' dir='ltr'><strong><em>ἐπίκτητον</em></strong></span> <span class='ocrx_word' id='word_1_141' title='bbox 327 2287 381 2353; x_wconf 80' lang='grc' dir='ltr'><strong><em>καὶ</em></strong></span> <span class='ocrx_word' id='word_1_142' title='bbox 411 2289 473 2353; x_wconf 87' lang='grc' dir='ltr'><strong><em>οὐκ</em></strong></span> <span class='ocrx_word' id='word_1_143' title='bbox 502 2289 647 2372; x_wconf 81' lang='grc' dir='ltr'><strong><em>οὐσιώόη</em></strong></span> <span class='ocrx_word' id='word_1_144' title='bbox 677 2292 754 2373; x_wconf 81' lang='grc' dir='ltr'><strong><em>ἔχον</em></strong></span> <span class='ocrx_word' id='word_1_145' title='bbox 781 2292 842 2374; x_wconf 79' lang='grc' dir='ltr'><strong><em>τὴν</em></strong></span> <span class='ocrx_word' id='word_1_146' title='bbox 869 2290 1065 2376; x_wconf 79' lang='grc' dir='ltr'><strong><em>ἀφθαρσίαν</em></strong></span> <span class='ocrx_word' id='word_1_147' title='bbox 1079 2320 1104 2359; x_wconf 80' lang='grc' dir='ltr'><strong><em>ιι</em></strong></span> 
     </span>
     <span class='ocr_line' id='line_1_20' title="bbox 56 2391 1063 2480; baseline 0.002 -20"><span class='ocrx_word' id='word_1_148' title='bbox 56 2397 96 2460; x_wconf 88' lang='grc' dir='ltr'><strong><em>οὐ</em></strong></span> <span class='ocrx_word' id='word_1_149' title='bbox 135 2398 190 2461; x_wconf 77' lang='grc' dir='ltr'><strong><em>διὰ</em></strong></span> <span class='ocrx_word' id='word_1_150' title='bbox 227 2396 263 2459; x_wconf 91' lang='grc' dir='ltr'><strong><em>τὸ</em></strong></span> <span class='ocrx_word' id='word_1_151' title='bbox 302 2396 406 2471; x_wconf 85' lang='grc' dir='ltr'><strong><em>οὕτως</em></strong></span> <span class='ocrx_word' id='word_1_152' title='bbox 444 2391 529 2460; x_wconf 77' lang='grc' dir='ltr'><strong><em>εἶναι</em></strong></span> <span class='ocrx_word' id='word_1_153' title='bbox 567 2397 745 2480; x_wconf 76' lang='grc' dir='ltr'><strong><em>ἄφθαρτον</em></strong></span> <span class='ocrx_word' id='word_1_154' title='bbox 780 2397 843 2480; x_wconf 78' lang='grc' dir='ltr'><strong><em>ἤδη</em></strong></span> <span class='ocrx_word' id='word_1_155' title='bbox 877 2397 933 2461; x_wconf 77' lang='grc' dir='ltr'><strong><em>διὰ</em></strong></span> <span class='ocrx_word' id='word_1_156' title='bbox 964 2406 1063 2462; x_wconf 87' lang='grc' dir='ltr'><strong><em>τοῦτο</em></strong></span> 
     </span>
     <span class='ocr_line' id='line_1_21' title="bbox 56 2499 1063 2588; baseline 0.003 -22"><span class='ocrx_word' id='word_1_157' title='bbox 56 2503 109 2566; x_wconf 82' lang='grc' dir='ltr'><strong><em>καὶ</em></strong></span> <span class='ocrx_word' id='word_1_158' title='bbox 143 2501 303 2587; x_wconf 78' lang='grc' dir='ltr'><strong><em>ἀγένητόν</em></strong></span> <span class='ocrx_word' id='word_1_159' title='bbox 335 2501 441 2584; x_wconf 78' lang='grc' dir='ltr'><strong><em>ἐστιν,</em></strong></span> <span class='ocrx_word' id='word_1_160' title='bbox 473 2501 671 2567; x_wconf 88' lang='grc' dir='ltr'><strong><em>τούναντίον</em></strong></span> <span class='ocrx_word' id='word_1_161' title='bbox 704 2499 740 2566; x_wconf 67' lang='grc' dir='ltr'><strong><em>δὲ</em></strong></span> <span class='ocrx_word' id='word_1_162' title='bbox 772 2507 914 2586; x_wconf 88' lang='grc' dir='ltr'><strong><em>μᾶλλον,</em></strong></span> <span class='ocrx_word' id='word_1_163' title='bbox 952 2503 1063 2588; x_wconf 79' lang='grc' dir='ltr'><strong><em>ἐπειδὴ</em></strong></span> 
     </span>
     <span class='ocr_line' id='line_1_22' title="bbox 56 2607 1064 2695; baseline 0.003 -23"><span class='ocrx_word' id='word_1_164' title='bbox 56 2609 97 2690; x_wconf 79' lang='grc' dir='ltr'><strong><em>μὴ</em></strong></span> <span class='ocrx_word' id='word_1_165' title='bbox 133 2610 232 2691; x_wconf 83' lang='grc' dir='ltr'><strong><em>φύσει</em></strong></span> <span class='ocrx_word' id='word_1_166' title='bbox 266 2607 356 2674; x_wconf 78' lang='grc' dir='ltr'><strong><em>ἐστὶν</em></strong></span> <span class='ocrx_word' id='word_1_167' title='bbox 388 2611 581 2695; x_wconf 77' lang='grc' dir='ltr'><strong><em>ἄφθαρτον,</em></strong></span> <span class='ocrx_word' id='word_1_168' title='bbox 618 2609 675 2672; x_wconf 79' lang='grc' dir='ltr'><strong><em>διὰ</em></strong></span> <span class='ocrx_word' id='word_1_169' title='bbox 706 2618 805 2673; x_wconf 88' lang='grc' dir='ltr'><strong><em>τοῦτο</em></strong></span> <span class='ocrx_word' id='word_1_170' title='bbox 837 2608 892 2674; x_wconf 80' lang='grc' dir='ltr'><strong><em>καὶ</em></strong></span> <span class='ocrx_word' id='word_1_171' title='bbox 925 2615 1064 2694; x_wconf 80' lang='grc' dir='ltr'><strong><em>γενητόν</em></strong></span> 
     </span>
     <span class='ocr_line' id='line_1_23' title="bbox 56 2713 1105 2805; baseline 0.007 -27"><span class='ocrx_word' id='word_1_172' title='bbox 56 2713 156 2795; x_wconf 79' lang='grc' dir='ltr'><strong><em>ἐστιν,</em></strong></span> <span class='ocrx_word' id='word_1_173' title='bbox 193 2713 363 2799; x_wconf 77' lang='grc' dir='ltr'><strong><em>ἐδείξαμεν</em></strong></span> <span class='ocrx_word' id='word_1_174' title='bbox 395 2718 586 2801; x_wconf 78' lang='grc' dir='ltr'><strong><em>ἔμπροσθεν</em></strong></span> <span class='ocrx_word' id='word_1_175' title='bbox 619 2714 655 2779; x_wconf 79' lang='grc' dir='ltr'><strong><em>ἐν</em></strong></span> <span class='ocrx_word' id='word_1_176' title='bbox 686 2722 733 2802; x_wconf 75' lang='grc' dir='ltr'><strong><em>τῷ</em></strong></span> <span class='ocrx_word' id='word_1_177' title='bbox 769 2714 851 2803; x_wconf 77' lang='grc' dir='ltr'><strong><em>ἕκτῳ</em></strong></span> <span class='ocrx_word' id='word_1_178' title='bbox 884 2720 971 2805; x_wconf 78' lang='grc' dir='ltr'><strong><em>λόγῳ</em></strong></span> <span class='ocrx_word' id='word_1_179' title='bbox 1004 2719 1063 2802; x_wconf 86' lang='grc' dir='ltr'><strong><em>μοί-</em></strong></span> <span class='ocrx_word' id='word_1_180' title='bbox 1078 2747 1105 2786; x_wconf 69' lang='grc' dir='ltr'><strong><em>το</em></strong></span> 
     </span>
     <span class='ocr_line' id='line_1_24' title="bbox 55 2826 158 2885; baseline 0.019 -2"><span class='ocrx_word' id='word_1_181' title='bbox 55 2826 158 2885; x_wconf 80' lang='grc' dir='ltr'><strong><em>λιστα.</em></strong></span> 
     </span>
     <span class='ocr_line' id='line_1_25' title="bbox 297 2926 829 3012; baseline 0.004 -20"><span class='ocrx_word' id='word_1_182' title='bbox 297 2927 396 3005; x_wconf 80' lang='grc' dir='ltr'><strong><em>Τέλος</em></strong></span> <span class='ocrx_word' id='word_1_183' title='bbox 419 2930 544 3005; x_wconf 85' lang='grc' dir='ltr'><strong><em>λύσεως</em></strong></span> <span class='ocrx_word' id='word_1_184' title='bbox 566 2937 626 2993; x_wconf 91' lang='grc' dir='ltr'><strong><em>τοῦ</em></strong></span> <span class='ocrx_word' id='word_1_185' title='bbox 651 2926 697 2993; x_wconf 84' lang='grc' dir='ltr'><strong><em>ιε’</em></strong></span> <span class='ocrx_word' id='word_1_186' title='bbox 717 2931 829 3012; x_wconf 84' lang='grc' dir='ltr'><strong><em>λόγου.</em></strong></span> 
     </span>
    </p>
   </div>
   <div class='ocr_carea' id='block_1_4' title="bbox 55 3119 1063 3334">
    <p class='ocr_par' dir='ltr' id='par_1_4' title="bbox 55 3119 1063 3334">
     <span class='ocr_line' id='line_1_26' title="bbox 127 3119 1063 3192; baseline 0.006 -20"><span class='ocrx_word' id='word_1_187' title='bbox 127 3126 151 3174; x_wconf 91' lang='lat'><strong><em>3.</em></strong></span> <span class='ocrx_word' id='word_1_188' title='bbox 172 3119 359 3189; x_wconf 77' lang='grc' dir='ltr'><strong><em>ἀναιρήσομεν</em></strong></span> <span class='ocrx_word' id='word_1_189' title='bbox 377 3123 410 3189; x_wconf 77' lang='lat' dir='ltr'><strong><em>pt</em></strong></span> <span class='ocrx_word' id='word_1_190' title='bbox 499 3126 523 3175; x_wconf 79' lang='grc' dir='ltr'><strong><em>ό.</em></strong></span> <span class='ocrx_word' id='word_1_191' title='bbox 543 3122 684 3192; x_wconf 61' lang='grc' dir='ltr'><strong><em>κοσμλωιῙ,</em></strong></span> <span class='ocrx_word' id='word_1_192' title='bbox 704 3137 737 3175; x_wconf 86' lang='lat' dir='ltr'><strong><em>ex</em></strong></span> <span class='ocrx_word' id='word_1_193' title='bbox 756 3142 797 3189; x_wconf 88' lang='grc' dir='ltr'><strong><em>ον,</em></strong></span> <span class='ocrx_word' id='word_1_194' title='bbox 816 3122 845 3175; x_wconf 87' lang='grc' dir='ltr'>Μ</span> <span class='ocrx_word' id='word_1_195' title='bbox 931 3128 955 3178; x_wconf 84' lang='grc'><strong><em>7.</em></strong></span> <span class='ocrx_word' id='word_1_196' title='bbox 974 3142 1063 3192; x_wconf 82' lang='grc' dir='ltr'><strong><em>πεφν-</em></strong></span> 
     </span>
     <span class='ocr_line' id='line_1_27' title="bbox 55 3191 1063 3265; baseline 0.004 -22"><span class='ocrx_word' id='word_1_197' title='bbox 55 3191 116 3260; x_wconf 63' lang='grc' dir='ltr'><strong><em>κελν</em></strong></span> <span class='ocrx_word' id='word_1_198' title='bbox 136 3192 185 3261; x_wconf 68' lang='grc' dir='ltr'><strong><em>σε]</em></strong></span> <span class='ocrx_word' id='word_1_199' title='bbox 205 3192 234 3244; x_wconf 89' lang='grc' dir='ltr'><strong>Μ</strong></span> <span class='ocrx_word' id='word_1_200' title='bbox 313 3198 355 3247; x_wconf 76' lang='lat'><strong><em>12.</em></strong></span> <span class='ocrx_word' id='word_1_201' title='bbox 374 3191 482 3263; x_wconf 69' lang='grc' dir='ltr'><strong><em>[ματος]</em></strong></span> <span class='ocrx_word' id='word_1_202' title='bbox 501 3192 530 3246; x_wconf 93' lang='grc' dir='ltr'>Μ</span> <span class='ocrx_word' id='word_1_203' title='bbox 611 3197 649 3264; x_wconf 76' lang='grc' dir='ltr'><strong><em>τῷ</em></strong></span> <span class='ocrx_word' id='word_1_204' title='bbox 669 3191 699 3246; x_wconf 79' lang='grc' dir='ltr'><strong><em>ἐν</em></strong></span> <span class='ocrx_word' id='word_1_205' title='bbox 718 3193 763 3261; x_wconf 81' lang='lat' dir='ltr'><strong>(cf.</strong></span> <span class='ocrx_word' id='word_1_206' title='bbox 783 3195 914 3265; x_wconf 78' lang='lat'>556‚10)]</span> <span class='ocrx_word' id='word_1_207' title='bbox 933 3195 964 3249; x_wconf 87' lang='grc' dir='ltr'><strong><em>τὸ</em></strong></span> <span class='ocrx_word' id='word_1_208' title='bbox 984 3213 1015 3249; x_wconf 88' lang='grc' dir='ltr'><strong><em>εν</em></strong></span> <span class='ocrx_word' id='word_1_209' title='bbox 1034 3195 1063 3247; x_wconf 89' lang='lat' dir='ltr'>M</span> 
     </span>
     <span class='ocr_line' id='line_1_28' title="bbox 129 3262 957 3334; baseline 0.006 -21"><span class='ocrx_word' id='word_1_210' title='bbox 129 3268 168 3315; x_wconf 85' lang='lat'><strong><em>13.</em></strong></span> <span class='ocrx_word' id='word_1_211' title='bbox 198 3263 340 3334; x_wconf 78' lang='grc' dir='ltr'><strong><em>κο[σῙμον,</em></strong></span> <span class='ocrx_word' id='word_1_212' title='bbox 367 3280 400 3317; x_wconf 83' lang='lat' dir='ltr'><strong><em>ex</em></strong></span> <span class='ocrx_word' id='word_1_213' title='bbox 426 3283 455 3330; x_wconf 93' lang='grc' dir='ltr'><strong><em>ν,</em></strong></span> <span class='ocrx_word' id='word_1_214' title='bbox 481 3262 511 3316; x_wconf 90' lang='grc' dir='ltr'>Μ</span> <span class='ocrx_word' id='word_1_215' title='bbox 620 3269 660 3318; x_wconf 80' lang='lat'><strong><em>16.</em></strong></span> <span class='ocrx_word' id='word_1_216' title='bbox 688 3263 785 3334; x_wconf 66' lang='lat' dir='ltr'><strong><em>[6]va</em></strong></span> <span class='ocrx_word' id='word_1_217' title='bbox 811 3281 844 3318; x_wconf 79' lang='lat' dir='ltr'><strong><em>ex</em></strong></span> <span class='ocrx_word' id='word_1_218' title='bbox 868 3285 902 3333; x_wconf 82' lang='grc' dir='ltr'><strong><em>ω,</em></strong></span> <span class='ocrx_word' id='word_1_219' title='bbox 928 3265 957 3318; x_wconf 88' lang='grc' dir='ltr'>Μ</span> 
     </span>
    </p>
   </div>
   <div class='ocr_carea' id='block_1_5' title="bbox 56 3355 955 3508">
    <p class='ocr_par' dir='ltr' id='par_1_5' title="bbox 56 3355 955 3508">
     <span class='ocr_line' id='line_1_29' title="bbox 56 3355 955 3440; baseline 0.006 -20"><span class='ocrx_word' id='word_1_220' title='bbox 56 3375 97 3422; x_wconf 81' lang='lat'><strong><em>19.</em></strong></span> <span class='ocrx_word' id='word_1_221' title='bbox 119 3355 220 3437; x_wconf 67' lang='grc' dir='ltr'><strong><em>αφοαῖι</em></strong></span> <span class='ocrx_word' id='word_1_222' title='bbox 245 3370 331 3440; x_wconf 62' lang='lat' dir='ltr'><strong><em>ama,</em></strong></span> <span class='ocrx_word' id='word_1_223' title='bbox 360 3386 393 3422; x_wconf 78' lang='lat' dir='ltr'><strong><em>ex</em></strong></span> <span class='ocrx_word' id='word_1_224' title='bbox 420 3391 450 3438; x_wconf 77' lang='grc' dir='ltr'><strong><em>η,</em></strong></span> <span class='ocrx_word' id='word_1_225' title='bbox 478 3369 508 3422; x_wconf 85' lang='grc' dir='ltr'>Μ</span> <span class='ocrx_word' id='word_1_226' title='bbox 615 3375 657 3423; x_wconf 83' lang='lat'><strong><em>20.</em></strong></span> <span class='ocrx_word' id='word_1_227' title='bbox 685 3376 955 3440; x_wconf 75' lang='lat' dir='ltr'>pag.225,1asq.</span> 
     </span>
     <span class='ocr_line' id='line_1_30' title="bbox 56 3441 253 3508; baseline 0.01 -18"><span class='ocrx_word' id='word_1_228' title='bbox 56 3446 97 3491; x_wconf 66' lang='lat'><strong><em>⁶22.</em></strong></span> <span class='ocrx_word' id='word_1_229' title='bbox 118 3443 202 3508; x_wconf 74' lang='grc' dir='ltr'><strong><em>λογον</em></strong></span> <span class='ocrx_word' id='word_1_230' title='bbox 225 3441 253 3492; x_wconf 91' lang='grc' dir='ltr'>Μ</span> 
     </span>
    </p>
   </div>
   <div class='ocr_carea' id='block_1_6' title="bbox 0 0 1203 4208">
    <p class='ocr_par' dir='ltr' id='par_1_6' title="bbox 0 0 1203 4208">
     <span class='ocr_line' id='line_1_31' title="bbox 0 0 1203 4208; baseline 0 0"><span class='ocrx_word' id='word_1_231' title='bbox 0 0 1203 4208; x_wconf 95' lang='lat' dir='ltr'><strong><em> </em></strong></span> 
     </span>
    </p>
   </div>
  </div>
 </body>
</html>
