2394 4208
6 39 840 342 -
907 128 930 176 ς.

56 556 100 612 1v
116 557 162 629 14]
336 553 385 609 DE
402 553 662 610 AETERNITATE
679 552 802 609 MVNDI
1034 553 1079 618 95
1094 561 1096 564 ’

60 718 115 784 ἀεὶ
138 717 475 804 δημιουργούμενον·
502 716 571 782 καῖ’
586 716 623 782 ἐν
650 725 696 805 τῷ
723 717 866 803 τετάρτῳ
895 713 932 781 δὸ
960 715 1015 782 καὶ
1042 715 1080 781 ἐν

58 832 110 912 τῷ
131 824 267 914 κίμτττῳ
291 826 332 890 τδι
354 824 437 889 αὐτά
459 842 574 908 φησιν,
597 821 652 888 καλ
676 821 713 887 ἐν
735 830 781 911 τῷ
801 823 921 908 ἀρτίως
940 820 978 888 δὲ
996 847 1077 908 μνη-

57 931 263 1016 μονευθέντι
286 933 386 1019 λόγῳ,
401 930 451 996 δν
472 931 556 1016 πρὸς
579 931 639 995 τὸν
657 928 888 1016 Ἀριστοτέλην
908 926 993 1016 ὑπὲρ
1017 939 1079 995 τοῦ

64 1041 206 1121 Τιμαίου
235 1037 418 1124 γέγραφεν,
449 1036 502 1103 ἐπὶ
530 1035 647 1115 λέξεώς
675 1055 779 1121 φησιν
807 1038 825 1103 6
850 1039 1006 1123 Πρόκλος
1034 1037 1078 1113 ὡς

58 1141 168 1238 ςοἰεὶοὸ
190 1145 314 1229 κόσμος
335 1144 598 1230 δημιουργεῖται’
616 1142 671 1209 καὶ
690 1144 741 1209 ὅτι
759 1143 816 1220 (ὡς
835 1143 853 1208 6
873 1143 1078 1228 δημιουργὸς
1105 1167 1120 1206 5

58 1249 117 1316 καὶ
141 1251 426 1338 δεδημιούργηκεν
453 1250 503 1316 ἀεὶ
529 1248 584 1315 καλ
612 1251 822 1335 δημιουργεῖ,
851 1250 958 1326 οὕτως
979 1247 1035 1314 καί
1059 1249 1077 1314 6

58 1359 185 1441 κόσμος
212 1355 263 1422 ἀεὶ
291 1359 542 1442 δημιουργεῖται
569 1354 624 1420 καὶ
652 1358 828 1440 γινόμενος
855 1356 995 1439 γε’γονεν
1022 1354 1078 1420 καὶ

59 1465 210 1547 γεγονὼς
233 1463 285 1530 ἀεὶ
308 1465 460 1548 γίνεται’,
487 1461 542 1529 καί
569 1460 637 1547 μετ’
660 1462 758 1546 ὸλίγα
780 1462 880 1528 ςὥστε
905 1460 959 1526 ἀεὶ
981 1462 999 1527 6
1023 1464 1077 1525 κό-

59 1588 145 1654 σμος
168 1571 433 1657 δημιουργεῖται,
459 1569 515 1636 καί
538 1572 583 1648 ὡς
605 1569 733 1646 ἐκεῖνος
757 1567 812 1634 καὶ
836 1569 1077 1654 δεδημιούργη-

57 1700 121 1742 κεν
144 1676 195 1742 ἀεὶ
218 1677 276 1743 καὶ
298 1680 503 1763 δημιουργεῖ,
527 1677 615 1742 οὕτω
638 1674 693 1741 καλ
716 1676 734 1741 6
758 1677 881 1759 κόσμος
903 1672 958 1739 καὶ
982 1675 1077 1758 δεδη-
1092 1700 1120 1739 ιο

59 1785 263 1869 μιούργηται
285 1783 340 1850 καὶ
364 1786 615 1869 δημιουργεῖται
639 1780 689 1847 ἀεὶ
711 1780 767 1847 καλ
788 1784 964 1865 γινόμενος
983 1779 1077 1863 γε’γο-

58 1912 124 1955 νεν
146 1889 200 1956 καὶ
224 1890 370 1974 γεγονὼς
393 1887 444 1954 ἀεὶ
467 1888 606 1972 γίνεταί
630 1925 673 1936 -
696 1890 726 1953 ελ
749 1882 813 1953 οὖν
835 1896 938 1952 ταῦτα
957 1885 1077 1970 ἀληθῆ,

58 1997 233 2080 θαυμάζω,
256 2007 326 2073 πῶς
348 1997 390 2062 οὐ
413 1996 578 2079 συνεῖδεν,
601 1995 647 2072 ὡς
670 1995 769 2073 αὐτὸς
791 2006 861 2072 τοῖς
880 1995 984 2060 αὑτοῦ
1003 2015 1077 2058 ατε-

59 2113 138 2189 ροῖς
165 2102 338 2168 ἁλώσεται·
371 2103 400 2167 εί
432 2102 495 2187 γάρ
527 2100 582 2166 καὶ
613 2103 897 2188 δεδημιούργηκεν
925 2102 989 2185 ῆδη
1017 2101 1078 2164 τὸν

58 2212 192 2293 κόσμον
215 2209 233 2274 6
255 2210 337 2285 θεὸς
358 2206 413 2273 καὶ
437 2209 634 2294 δημιουργεῖ
655 2217 721 2273 νῦν
743 2206 798 2272 καὶ
822 2209 878 2272 διὰ
900 2217 999 2272 τοῦτο
1022 2204 1077 2271 καὶ
1092 2233 1120 2275 15

60 2315 80 2382 6
103 2318 230 2399 κόσμος
252 2312 307 2379 καὶ
330 2313 470 2397 γέγονεν
487 2315 559 2399 ,ῆδη
587 2313 642 2380 καὶ
665 2319 793 2398 γίνεται
815 2323 881 2378 νῦν
902 2311 957 2377 καὶ
981 2316 1077 2396 γενῆ-

60 2439 155 2488 σεται
177 2422 261 2486 κατὰ
282 2420 320 2485 τὸ
344 2419 505 2505 ἐσόμενον
524 2430 585 2486 τοῦ
608 2424 733 2507 χρόνου
752 2421 863 2485 διὰτὸ
882 2421 926 2502 μὴ
945 2417 1078 2504 ἀθρόαν

59 2532 152 2614 ἔχειν
174 2538 286 2594 πᾶσαν
307 2537 482 2613 παροῦσαν
508 2529 569 2612 τῆν
591 2525 734 2614 ὕπαρξιν
762 2529 870 2612 ὥσπερ
896 2526 936 2590 τά
959 2526 1079 2590 αἰώνια

59 2634 147 2700 ἀλλὰ
170 2633 475 2719 συνδιαιρουμένην
501 2641 548 2722 τῷ
576 2636 700 2721 χρόνῳ,
729 2632 854 2716 ἀνάγκη
883 2632 992 2716 δήπου
1018 2633 1078 2697 τὸν

58 2751 128 2807 νῦν
151 2744 342 2825 γινόμενον,
364 2739 446 2826 πρὶν
468 2741 505 2805 τὸ
529 2748 595 2804 νῦν
613 2738 778 2823 ἐνστῆναι,
799 2738 887 2802 καθὸ
906 2746 972 2802 νῦν
990 2742 1077 2821 γίνε-
1092 2767 1120 2806 ιο

57 2873 128 2932 ται,
145 2849 312 2933 πρότερον
326 2847 465 2930 δυνάμει
485 2841 585 2911 εἶναι·
604 2847 633 2910 εί
651 2847 714 2931 γὰρ
733 2843 788 2910 καί
806 2848 971 2931 πρότερον
988 2843 1077 2930 ἐνερ-

60 2957 138 3038 γείᾳ
167 2949 224 3037 ἦν,
257 2950 329 3017 ἀλλ’
353 2952 394 3016 οὐ
423 2953 510 3018 καθὸ
540 2960 605 3016 νῦν
634 2949 739 3035 ἐστιν,
772 2951 856 3016 ἀλλὰ
886 2953 973 3018 καθὸ
1004 2955 1078 3018 τότε

60 3059 195 3144 ἐγίνετό
215 3058 283 3144 [τό]
302 3082 337 3123 τε
356 3057 412 3124 καί
428 3054 481 3142 ἧν,
504 3058 654 3144 ἐνεργείᾳ
666 3058 828 3144 ὑπῆρχεν·
852 3059 881 3123 εί
895 3060 969 3145 γάρ,
990 3060 1077 3126 καθὸ

59 3177 129 3233 νῦν
146 3169 275 3249 γίνεται
293 3163 348 3229 καὶ
373 3168 474 3248 ἔστιν,
495 3163 578 3250 πρὶν
599 3165 637 3229 τὸ
661 3173 726 3229 νῦν
749 3163 904 3249 ἐνστῆναι
927 3165 1077 3251 ἐνεργείᾳ

58 3270 105 3358 ἦν
127 3275 305 3358 πρότερον,
331 3269 436 3336 οὐκέτ’
460 3269 502 3336 ἂν
524 3269 575 3336 ἀεὶ
598 3274 726 3355 γίνοιτο
750 3271 768 3336 6
791 3275 913 3355 κόσμος
937 3269 1016 3345 οὐδὲ
1039 3272 1076 3335 τὸ
1091 3297 1119 3337 ιε

59 3376 151 3447 εἶναι
170 3379 274 3444 αὐτοῦ
293 3388 332 3464 τῆ
350 3387 411 3443 τοῦ
425 3381 549 3464 χρόνου
568 3378 737 3444 διαστάσει
756 3380 983 3444 συνδιίσταται
1003 3375 1073 3440 ἀλλ’

60 3487 197 3573 ἀθρόαν
220 3488 286 3570 ἔχει
309 3488 370 3569 τῆν
392 3482 535 3571 ὕπαρξιν
553 3485 662 3571 ὥσπερ
681 3485 722 3549 τὰ
740 3486 867 3550 αἰώνια.
904 3481 975 3548 ἀλλ’
999 3479 1078 3547 οὐδὲ

60 3594 155 3682 αὐτῷ
183 3599 230 3679 τῷ
254 3594 397 3680 Πρόκλῳ
425 3593 560 3675 τοιαύτη
584 3587 669 3656 εἶναι
698 3592 790 3655 δοκεῖ
815 3591 835 3674 ἡ
862 3598 923 3654 τοῦ
951 3590 1078 3672 κόσμου

138 3790 162 3841 2.
182 3781 295 3852 ἀρτίωςε
319 3800 383 3855 pag.
399 3789 442 3851 82,
458 3790 491 3839 13
582 3788 605 3837 7.
625 3783 865 3870 δημιουργῆειῆται
879 3783 929 3857 663
949 3783 1019 3841 ἱοῐὸ.
1045 3781 1093 3840 ὸιελ

53 3855 319 3978 ἔδεδημεοόργηται
332 3856 380 3908 καί
392 3856 457 3924 ἀεὶ)
471 3857 694 3944 δημιουργεῖται,
710 3860 744 3919 cf.
760 3859 812 3918 hn.
826 3867 920 3919 1611
987 3864 1037 3915 Ἃ.
1058 3859 1106 3913 62-

76 3940 265 3990 ημισνργεικεν
278 3923 315 3974 Μ
381 3930 421 3978 23.
444 3945 475 3981 το
492 3926 526 3981 Μ
528 3952 537 3998 ,·
558 3929 653 3989 delen
