2394 4208
65 544 105 599 XI
119 545 147 617 8]
335 544 384 599 DE
402 544 659 599 AETERNITATE
677 543 800 600 MVNDI
1011 545 1077 610 439

66 708 243 793 ὁμώνυμος
271 709 366 794 φωνὴ
395 710 442 786 είς
470 707 617 794 διάφορα
644 709 821 796 διαιρεῖται
844 711 1075 793 σημαινόμενα,

64 819 212 880 λείπεται
240 820 359 881 τοίνυν
385 815 431 893 ὡς
454 815 536 881 ὅλον
558 817 605 893 είς
627 814 709 902 μέρη
734 816 839 901 αὐτὴν
861 816 1076 902 διαιρεῖσθαι.

65 920 137 986 ἀλλ’
161 925 191 988 εἰ
214 919 276 1006 μέν
299 924 346 999 εἰς
369 921 591 1008 ἀνομοιομερῆ
613 920 782 1009 διῄρηται,
801 923 1075 1007 εἰδοπεποιῆσθαι

63 1027 120 1093 καὶ
149 1029 254 1112 αὐτὴν
280 1027 334 1094 καλ
362 1040 430 1094 τῶν
455 1040 567 1114 μερῶν
594 1027 733 1095 ἕκαστον
760 1027 898 1113 ἀνάγκη·
935 1028 990 1095 καὶ
1012 1031 1076 1116 γάρ

63 1137 103 1200 τὸ
134 1136 215 1201 ὅλον
245 1136 505 1220 είδοπεποίηται,
536 1127 611 1201 οἷον
641 1135 659 1202 δ
690 1137 869 1221 ἄνθρωπος
897 1135 917 1219 ἢ
948 1137 985 1201 τὸ
1015 1145 1076 1202 τοῦ
1103 1161 1116 1202 τ

65 1241 250 1326 ἀνθρώπου
292 1252 399 1327 σῶμα,
440 1241 496 1307 καὶ
536 1253 604 1306 τῶν
644 1252 755 1327 μερῶν
796 1242 906 1327 αὐτοῦι
937 1241 1076 1308 ἕκαστον

65 1347 208 1431 ἀνάγκη,
239 1350 366 1433 κεφαλὴ
396 1346 451 1413 καὶ
480 1351 566 1425 ποὺς
595 1346 650 1413 καὶ
679 1348 720 1413 τά
741 1348 856 1413 ’λοιπά
902 1350 932 1414 εί
961 1345 998 1414 δὲ
1029 1351 1077 1426 είς

65 1453 260 1540 ὁμοιομερῆ,
292 1465 361 1532 πῶς
391 1456 493 1521 πάλιν
524 1455 561 1520 τὸ
595 1454 770 1538 ἀσώματον
801 1453 857 1519 καὶ
885 1452 1001 1542 ἀμερὲς
1026 1457 1076 1521 δι-

63 1571 219 1647 αιρεῖται;
242 1563 350 1637 ἀλλος
367 1561 440 1644 τεὴ
464 1570 524 1626 τοῦ
548 1561 629 1625 ὅλου
653 1561 700 1638 εἰς
722 1559 805 1646 μέρη
829 1561 991 1647 διαίρεσις
1013 1563 1076 1627 σά-

63 1671 166 1752 ματός
189 1667 280 1733 έστιν
302 1667 357 1733 καὶ
379 1666 561 1752 μεγέθους,
584 1673 649 1732 είτε
672 1664 865 1753 ὁμοιομερές
889 1661 911 1752 ᾗ
933 1668 970 1732 τὸ
994 1668 1075 1733 ὅλον
1090 1696 1116 1736 ιο

64 1780 130 1839 εἴτε
165 1773 415 1860 ἀνομοιομερές·
455 1775 492 1839 τὸ
525 1775 588 1861 γάρ
621 1775 797 1858 ἀσώματον
829 1773 884 1839 καὶ
916 1772 1076 1858 ἀμέγεδες

63 1880 195 1967 ἀμερές·
225 1882 308 1946 ὥστε
331 1877 411 1945 οὐδὲ
435 1880 516 1946 ὅλον
537 1878 603 1958 έξει
625 1879 681 1945 καὶ
703 1879 811 1966 μέρος.
857 1881 886 1945 εί
909 1874 973 1945 οὖν
995 1879 1076 1945 ὅλον

64 1987 130 2065 ἕξει
153 1986 209 2052 καὶ
231 1986 331 2072 μέρος
352 1987 373 2071 ἡ
396 1987 476 2071 ὅλη,
499 1986 642 2071 μέγεθος
664 1985 707 2051 ἀν
729 1992 780 2069 είη
803 1985 858 2051 καί
882 1984 990 2071 σῶμα,
1014 1985 1076 2051 οὐκ

63 2094 230 2178 ἀμεγέθης
252 2117 287 2158 τε
310 2092 366 2158 καλ
388 2093 569 2178 ἀσώματος.
610 2093 667 2157 διδι
688 2101 786 2158 τοῦτο
810 2088 891 2157 οὐδὲ
914 2091 1075 2171 ἀνείδεος·

64 2201 105 2266 οὐ
135 2203 197 2286 γάρ
225 2201 378 2266 ἀνείδεον
405 2201 442 2265 τὸ
470 2205 613 2284 μέγεθος
640 2198 660 2283 ἢ
686 2199 723 2263 τὸ
747 2209 848 2283 σῶμα
893 2197 1009 2264 καὶτὸ
1033 2200 1116 2283 δὴιτ

62 2307 286 2392 ἀτοπώτερον·
310 2306 351 2371 οὐ
374 2308 438 2392 γάρ
461 2309 568 2390 μόνον
589 2306 626 2370 τὸ
651 2301 769 2391 ἀμερὲς
791 2306 948 2391 μεριστὸν
965 2316 1076 2372 ποιεῖν

62 2417 266 2497 συμβήσεται
294 2423 365 2489 τοῖς
392 2412 453 2495 τὴν
479 2410 567 2496 ὅλην
594 2412 768 2495 ἀσώματον
796 2408 881 2477 εἶναι
908 2410 964 2477 καὶ
987 2412 1075 2477 ἀνεί-

63 2522 144 2585 δεον
166 2519 435 2603 ὑποτιθεμένοις,
459 2516 619 2583 ἀλλὰκαὶ
642 2528 712 2596 τοῖς
731 2516 864 2604 ἀμερέσι
883 2517 1075 2604 διαιρέσεως

61 2629 101 2692 τὸ
126 2623 243 2711 ἀμερές
267 2622 352 2690 εἶναι
376 2623 487 2709 λέγειν
510 2630 618 2689 αίτιον
641 2628 809 2708 γίνεσθαι·
845 2622 984 2690 ἕκαστον
1010 2627 1074 2711 γάρ

62 2745 131 2798 τῶν
161 2734 262 2797 εἰδῶν
292 2732 467 2816 ἀσώματον
496 2730 538 2796 ὅν
565 2729 621 2796 καὶ
651 2726 768 2817 ἀμερὲς
796 2737 843 2817 τῷ
872 2731 946 2819 ἰδίῳ
975 2734 1074 2821 λόγῳ,
1089 2759 1115 2800 ιο

63 2840 199 2905 ἐπειδάν
223 2838 260 2903 ἐν
281 2836 346 2925 ὅλῃ
369 2837 424 2903 καὶ
446 2836 652 2925 ὑποκειμένῳ
677 2837 822 2922 γένηται,
845 2837 1074 2904 συνδιίσταται

61 2947 170 3034 τούτῳ
198 2945 254 3011 καὶ
282 2948 527 3031 συμμερίζεται,
555 2944 600 3020 ὡς
627 2943 747 3029 ἀρτίως
773 2942 850 3028 περὶ
877 2953 935 3028 τῆς
959 2948 1074 3011 λευκό-

23 3070 28 3080 ’
61 3077 159 3137 τητος
188 3050 355 3135 ἐλέγομεν·
392 3052 475 3116 ὥστε
502 3047 558 3115 καί
586 3059 657 3127 τοῖς
680 3049 835 3136 ἀμερέσιν
857 3049 960 3115 εἴδεσι
983 3074 1074 3138 μερι-

62 3168 150 3243 σμοῦ
179 3161 267 3224 αἰτία
296 3158 315 3241 ἡ
343 3154 406 3240 ὅλη
434 3161 570 3240 γίνεται.
616 3165 715 3222 τοῦτο
739 3152 777 3222 δὲ
799 3154 854 3221 καὶ
878 3153 973 3221 αὐτοὶ
996 3156 1074 3241 δμο-

62 3271 177 3350 λογείν
195 3264 356 3342 ἀξιοῦσιν.
392 3274 462 3341 πῶς
480 3257 544 3328 οὖν
562 3255 637 3329 οἷόν
659 3262 696 3329 τέ
716 3261 818 3347 ἐστιν,
842 3268 933 3349 είπερ
952 3262 1074 3350 ἀμερής
1088 3289 1114 3331 ιτ

62 3371 154 3437 ἐστιν
177 3372 197 3455 ἡ
220 3370 299 3455 ὅλη,
327 3370 433 3454 αὐτήν
459 3392 494 3435 τε
522 3369 727 3456 διαιρείσθω
750 3370 798 3447 είς
820 3367 901 3455 μέρος
925 3368 1074 3448 καὶτοῖς

62 3477 219 3563 ἀμερέσιν
251 3479 376 3542 είδεσιν
407 3485 570 3563 μερισμοῦ
603 3477 713 3542 αἰτίαν
745 3474 916 3559 γενέσθαι;
955 3475 1012 3541 καὶ
1043 3478 1073 3542 εί

60 3587 191 3669 πάσχον
222 3608 253 3648 τι
285 3585 323 3648 τὸ
356 3580 474 3669 ἀμερὲς
504 3583 662 3669 μεριστὸν
693 3586 835 3666 γίνεται,
868 3581 971 3668 ἀμερῆ
1004 3579 1041 3648 δέ
1065 3581 1070 3670 Ι

135 3782 158 3831 6.
178 3797 234 3831 των
252 3792 286 3830 ex
303 3795 353 3829 ται
371 3775 400 3828 Μ
508 3780 532 3828 7.
552 3795 661 3900 avaut]
680 3775 721 3840 δίς
751 3777 801 3828 aut
818 3773 873 3828 del.
893 3776 942 3828 aut
965 3774 1077 3845 ἀγκάλη

62 3849 145 3904 scrib.
165 3848 221 3917 (vix
240 3845 361 3919 ἀνάγκῃ)
450 3852 474 3901 9.
494 3862 572 3916 μερει
711 3851 757 3901 λδ.
776 3845 1007 3912 mmmmm&

57 3927 98 3972 23.
115 3934 183 3988 pag.
199 3923 259 3985 436,
277 3923 311 3971 26
324 3935 366 3987 sq.
