2394 4208
74 534 176 604 1x11]
353 531 401 586 οω
419 528 678 586 mmmm
695 528 817 586 mm
1016 529 1083 595 353

74 698 246 784 σῳζόμενα
281 705 349 759 τῶν
385 695 482 760 ῑόίων
507 681 745 778 ’ὑποκειμένων
776 693 952 759 ἀδύνατον.
1001 694 1085 758 ὥστε

75 800 154 868 οὐδ’
180 799 236 866 ἀπ’
261 802 366 866 ἀλλον
394 799 616 886 ὑποκειμένου
646 800 693 878 εἰς
723 801 803 865 ἀλλο
833 797 1082 887 ὑποκείμενονΙ

75 918 198 994 χωρεῖν
221 907 304 972 αύτά
326 918 393 973 τῶν
415 907 641 992 ἐνδεχομένων
664 906 769 974 ἐστίν·
791 906 855 972 κάν
877 909 940 993 γὰρ
962 908 1001 971 τὸ
1024 923 1065 964 τοι
1075 925 1139 966 1⁴⁸1.

74 1024 145 1100 πῦρ
174 1017 340 1100 θερμαίιη
368 1015 428 1078 τὸν
453 1017 696 1100 παρακείμενον
723 1012 818 1098 ἀέρα,
846 1012 921 1097 οὐχὶ
945 1012 982 1078 έν
1003 1013 1085 1079 ὑπο

74 1119 217 1208 κειμένῳ
245 1129 291 1208 τῷ
317 1118 400 1206 πυρὶ
426 1123 592 1206 θερμότης
616 1120 637 1204 ἡ
661 1120 743 1204 αὑτὴ
766 1118 836 1185 κατ’
860 1119 1008 1206 ἀριθμὸν
1029 1120 1085 1186 καὶ
1112 1147 1125 1189 ι

76 1227 117 1294 έν
139 1235 185 1314 τῷ
209 1226 280 1312 ἀέρι
302 1230 444 1310 γίνεται·
466 1229 607 1310 ἤμελλεν
629 1228 692 1311 γὰρ
715 1225 758 1290 ἀν
780 1227 818 1290 τὸ
844 1227 933 1291 ίόιον
955 1226 1085 1293 ἀπολεί-

76 1357 155 1400 πειν
181 1334 414 1417 ὑποκείμενον,
440 1332 525 1416 λέγω
553 1334 595 1417 δὴ
618 1333 655 1397 τὸ
679 1342 762 1418 πῦρ,
786 1332 891 1410 οὑτως
914 1329 952 1398 δὲ
975 1332 1085 1399 οὐκέτι

77 1441 123 1507 ἀν
149 1441 279 1526 θερμὸν
303 1440 429 1525 ὑπῆρχε
452 1441 490 1504 τὸ
512 1448 581 1524 πῦρ
603 1438 623 1522 ἢ
647 1439 710 1523 οὐχ
732 1438 854 1523 ὁμοίως
876 1442 1007 1525 θερμὸν
1028 1451 1086 1526 τῆς

79 1548 119 1613 έν
141 1547 231 1635 αὐτῷ
252 1549 457 1633 θερμότητος
479 1544 499 1629 ἦ
521 1545 643 1631 μέρους
665 1544 909 1629 ἀπολειπούσης
932 1546 1086 1613 αὐτὸκαὶ

79 1654 119 1719 έν
148 1652 353 1741 ὑποκειμένῳ
382 1661 428 1741 τῷ
459 1651 532 1739 ἀέρι
559 1651 748 1737 γενομένης·
780 1656 815 1718 τί
840 1647 904 1718 οὑν
931 1652 1021 1718 ἐστιν
1047 1656 1085 1719 τὸ
1100 1682 1126 1721 ιο

79 1762 283 1844 συμβαῖνον;
314 1761 334 1844 ἡ
358 1759 464 1848 ἐντῷ
486 1759 569 1846 πυρὶ
590 1763 758 1846 θερμότης
781 1761 979 1846 όραστηριος
1001 1755 1087 1826 οὑσα

77 1866 135 1932 καὶ
165 1871 362 1951 θερμαίνειν
390 1877 561 1952 πεφυκυῖα
589 1868 630 1931 τὰ
659 1871 883 1953 παρακείμενα
914 1868 1019 1951 ἀλλην
1050 1867 1112 1933 έν·

77 1981 126 2060 τῷ
149 1972 377 2061 παρακειμένῳ
401 1972 472 2057 ἀέρι
495 1981 597 2059 γεννᾷ
620 1976 821 2059 θερμότητα·
844 1972 899 2038 καλ
917 1974 962 2051 ὡς
981 1972 1018 2038 έν
1040 1983 1086 2062 τῷ

77 2080 270 2167 θιθασκάλφ
293 2103 329 2144 τε
351 2078 406 2145 καλ
429 2087 475 2166 τῷ
497 2085 630 2164 μαθητῇ
653 2079 691 2143 τὸ
715 2078 796 2144 αὐτὸ
819 2077 881 2162 μέν
904 2078 994 2145 ἐστιν
1012 2079 1081 2145 κατ’

79 2182 172 2263 εἶδος
199 2187 372 2270 θεώρημα,
403 2185 444 2250 οὐ
471 2187 538 2269 μὴν
564 2183 633 2250 κατ’
661 2184 809 2270 ἀριθμὸν
837 2187 875 2250 τὸ
906 2185 1002 2269 αὑτό,
1031 2186 1087 2253 καὶ
1102 2212 1127 2254 ιε

79 2296 173 2358 ἔστιν
199 2294 237 2357 τὸ
265 2288 327 2376 μὲν
355 2291 391 2357 έν
417 2300 464 2379 τῷ
488 2292 676 2378 ὑιόασκάλμ
698 2293 873 2375 ποιητικὸν
895 2298 1004 2357 αίτιον
1025 2303 1086 2358 τοῦ

79 2398 120 2464 έν
141 2407 188 2486 τῷ
211 2404 359 2483 μαθητῇ,
383 2398 531 2464 αἰτιατόν
554 2394 592 2463 δὲ
615 2396 733 2481 έκεῖνο,
756 2398 843 2463 οὑτω
866 2397 922 2463 καὶ
944 2398 964 2482 ἡ
986 2398 1023 2465 ἐν
1041 2408 1087 2487 τῷ

79 2503 165 2591 πυρὶ
190 2507 356 2591 θερμότης
383 2506 547 2590 διάφορος
575 2500 661 2570 οὑσα
689 2503 758 2569 κατ’
788 2505 936 2591 ἀριθμὸν
964 2515 1022 2589 τῆς
1051 2504 1088 2571 έν

80 2619 128 2698 τῷ
162 2610 234 2697 ἀέρι
265 2613 470 2696 θερμότητος
501 2614 675 2694 ποιητικόν
707 2610 797 2676 έστιν
833 2611 934 2696 αὐτῆς
971 2618 1086 2677 αἴτιον.

79 2717 145 2783 οὑκ
167 2720 231 2803 ἀρα
254 2716 421 2802 ἐνδέχεται
443 2715 477 2794 ἐξ
499 2717 720 2801 ὑποκειμένου
744 2718 792 2794 εἰς
809 2719 1030 2801 ὑποκείμενον
1047 2720 1128 2787 τάιο

80 2827 185 2889 ἔναλα
213 2824 284 2907 είόη
313 2826 525 2907 μεταβαίνειν
550 2826 630 2907 μήτε
657 2821 734 2888 καθ’
767 2824 851 2888 αὑτὰ
881 2825 1088 2906 ὑφίστασθαι

79 2933 255 3014 πεφυκότα
290 2934 370 3014 μήτε
406 2929 498 2995 ἀίδια
535 2932 617 2995 ὄντα
652 2928 735 2994 ἀλλὰ
769 2932 890 3014 μενητά
912 2933 1003 2996 Ιόντα
1032 2928 1089 2996 καὶ

80 3038 228 3122 φθαρτοί.
274 3035 346 3102 ἀλλ’
382 3033 463 3102 οὐδὲ
495 3043 543 3113 εἰς
574 3037 782 3122 ἀπλούστερά
812 3060 888 3102 τινα
918 3039 979 3121 τὴν
1010 3035 1089 3103 ἀνά-

80 3147 182 3207 λυσιν
203 3150 375 3209 ποιεῖσθαι
399 3144 552 3209 δύναται·
579 3145 620 3208 τά
642 3144 705 3227 γὰρ
729 3144 776 3220 εἰς
799 3143 1006 3229 ἁπλούστερα
1027 3145 1089 3228 τὴν

81 3247 247 3315 ἀνάλυσιν
268 3250 453 3334 ποιούμενα
476 3250 625 3316 σύνθετα
647 3245 733 3314 εἶναι
756 3249 896 3334 ἀνάγκη
929 3249 964 3314 ἐκ
986 3253 1089 3315 τίνων
1103 3277 1129 3318 ιε

80 3349 147 3420 οὖν
174 3354 408 3441 ἁπλουστέρων
430 3355 450 3439 ἡ
474 3357 650 3440 αἰσθητικὴ
676 3356 817 3439 δύναμις
840 3358 1020 3440 σύγκειται;
1053 3356 1088 3422 έκ

79 3465 185 3526 τίνων
208 3458 246 3526 δέ
267 3460 288 3544 ἡ
310 3464 489 3546 θρεπτική,
515 3462 536 3546 ἡ
563 3463 720 3544 λευκότης
745 3484 780 3526 τε
803 3460 858 3526 καὶ
880 3461 901 3545 ἡ
925 3463 1089 3546 γλυκύτης

80 3566 138 3632 καὶ
161 3569 200 3632 τά
222 3570 447 3652 παραπλησια;
479 3569 587 3646 ἄλλως
608 3592 644 3633 τε
666 3566 814 3653 καὶπερὶ
834 3567 970 3633 ἐκείνων
987 3569 1089 3634 πάλιν

81 3673 103 3755 ἡ
136 3674 219 3756 αὑτὴ
251 3672 342 3757 μένει
374 3673 508 3760 ἀπορία·
548 3677 622 3759 ἤτοι
655 3675 717 3760 μάρ
747 3673 882 3740 κάκεῖνα
910 3676 1011 3740 πάλιν
1041 3677 1089 3754 είς

149 3907 174 3952 4.
193 3900 255 3953 fort.
276 3900 365 3971 ούμὴ
437 3909 461 3961 8.
480 3905 569 3980 affin
588 3905 620 3963 M
695 3911 745 3964 15.
762 3905 835 3980 wa
848 3904 886 3960 τὶν
898 3903 939 3958 Ἃ

118 3993 226 4034 Ioum
239 3997 400 4044 Ρπιτοεοιινι
415 4005 451 4048 τό
466 4006 561 4052 Bab«.
938 3995 984 4046 Ἡ
