2394 4208
9 39 904 355 -ς,

76 552 117 608 v1
131 554 178 628 ιτ]
346 553 395 609 ns
412 553 672 609 Ατοοιιοιυιοτ
690 553 812 609 υμνοι
1026 554 1092 620 159

76 711 165 783 εἰναι
188 719 306 802 λαβεῖν
327 721 493 804 πρότερον
515 717 577 784 οὐκ
600 715 707 805 όντα),
731 717 856 802 ἀνάγκη
881 718 989 803 δήπου
1007 718 1091 782 ποίν-

76 847 141 902 τως
168 824 307 909 αἰτιώδη
335 826 396 909 τὴν
424 825 530 911 ἀρχὴν
559 823 708 890 ἀκούειν·
736 829 766 889 εἰ
788 825 852 911 γὰρ
875 822 930 890 καί
953 826 1034 890 ἄλλο
1057 848 1092 889 τι

76 935 128 1014 εἰη
159 934 406 1016 σημαινόμενον
435 941 493 1016 τῆς
522 930 639 1018 ἀρχῆς,
672 927 773 997 οὐδὲν
801 931 882 1016 ἡμῖν
912 932 997 1017 πρὸς
1028 932 1090 1016 τὴν

74 1045 251 1122 καμοῦσαν
273 1041 480 1123 λυσιτελήσει
503 1038 635 1116 σκέψιν·
657 1037 740 1104 ὥστε
762 1036 818 1104 καί
840 1039 879 1104 τὸ
897 1041 1089 1124 πολυπραγ-

75 1154 195 1228 μονεῖν
217 1149 404 1232 περίεργον.
441 1143 475 1223 ἒξ
499 1141 536 1210 δί
555 1147 664 1211 όντων
681 1147 806 1223 παντὸς
823 1145 1003 1230 γινομένου
1022 1155 1090 1210 τῶν
1117 1173 1132 1213 τ

75 1252 194 1317 αἰτίων
215 1253 298 1317 κατὰ
322 1253 497 1336 Πλάτωνα,
519 1252 650 1337 δλικοῦ,
669 1254 808 1337 εἰδικοῦ,
825 1261 1011 1337 ποιητικοῦ,
1029 1274 1091 1317 πα-

75 1358 350 1444 ραδειγματικοῦ,
383 1358 581 1445 ὀργανικοῦ,
613 1364 745 1424 τελικοῦ
783 1357 856 1446 (τῆς
887 1361 950 1447 γὰρ
983 1360 1091 1437 οἰκίας

73 1465 252 1548 ποιητικὸν
278 1461 341 1549 μὲν
367 1471 477 1531 αἰτιον
504 1465 522 1531 6
551 1466 743 1550 οἰκοδόμος,
772 1468 981 1552 παράδειγμα
1010 1463 1047 1532 δὲ
1071 1466 1089 1532 6

74 1573 177 1655 λόγος
205 1571 222 1638 6
251 1571 288 1638 έν
315 1572 421 1660 αὐτῷ,
448 1569 525 1638 καθ’
554 1571 595 1637 δν
621 1583 711 1637 τιοιεί
733 1574 794 1657 τὴν
817 1574 942 1657 οἰκίαν,
963 1574 1028 1658 ὕλη
1052 1570 1090 1639 δὲ

74 1682 170 1744 λίθοι
202 1676 258 1743 καί
289 1676 386 1763 ξύλα,
419 1674 509 1756 εἶδος
540 1678 621 1744 αὐτὸ
654 1680 692 1744 τὸ
725 1688 847 1763 σχῆμα,
878 1680 1025 1765 ὄργανον
1052 1676 1090 1745 δὲ
1104 1707 1131 1747 ιο

74 1785 189 1849 κανὼν
212 1783 267 1850 καί
290 1786 421 1870 στάθμη
445 1782 500 1850 καί
523 1789 622 1870 σμίλη
646 1783 701 1850 καί
724 1787 764 1850 τὰ
791 1786 905 1868 λοιπά,
931 1784 1025 1863 τέλος
1052 1783 1090 1850 δὲ

74 1892 95 1975 ἡ
119 1895 230 1977 χρεία,
253 1890 296 1957 δι’
322 1893 367 1977 ἣν
389 1891 543 1977 γέγονεν,
572 1893 654 1959 ὥστε
680 1891 814 1958 σκέπειν
835 1892 920 1976 ἡμᾶς
943 1891 1007 1956 ἀπὸ
1032 1893 1118 1981 όμχ

73 2000 171 2084 βρων
193 1997 248 2064 καί
271 1997 474 2086 καυμάτων),
497 1996 567 2064 κατ’
596 1995 697 2065 οὐδὲν
721 1995 812 2085 οἰμαι
835 2000 964 2064 τούτων
988 1999 1091 2064 δυνα-

74 2106 136 2171 τὸν
155 2099 242 2170 εἰναι
260 2106 322 2190 τὴν
339 2105 445 2191 ἀρχὴν
463 2104 500 2171 έν
518 2106 650 2182 τούτοις
668 2104 899 2183 ἐξακούεσθαι·
922 2105 1092 2192 (πότερονό

74 2213 139 2297 γάρ
158 2229 264 2296 φησιν
283 2207 337 2296 ’ἦν
354 2211 405 2277 ἆεί
425 2210 584 2296 γενέσεως
603 2210 709 2298 ἀρχὴν
727 2215 812 2297 ἔχων
831 2209 1025 2298 οὐδε]μίαν’·
1044 2228 1084 2270 101.
1093 2229 1142 2270 νῦν.

76 2319 121 2395 ὡς
153 2318 217 2402 γὰρ
251 2315 415 2402 ἑπομένου
447 2326 493 2407 τῷ
525 2317 576 2385 ἀεὶ
608 2320 681 2385 όντι
713 2327 774 2383 τοῦ
805 2319 971 2402 μηδεμίαν
1001 2322 1089 2404 ἔχειν
1102 2344 1130 2386 τι

75 2423 237 2509 γενέσεως
259 2423 365 2510 ἀρχὴν
388 2425 491 2490 εἰπὼν
514 2421 568 2509 ’ἦν
591 2424 654 2491 ἀεί
673 2425 839 2509 ἐπήγαγεν
855 2426 894 2491 τὸ
918 2424 1089 2509 ’γενέσεως

75 2531 182 2618 ἀρχὴν
205 2534 289 2615 ἔχων
312 2531 494 2615 οὐδεμίαν’.
530 2542 588 2617 τῆς
610 2526 674 2597 οὖν
696 2531 855 2615 γενέσεως
878 2533 926 2610 εἰς
947 2534 985 2598 τὸ
1009 2551 1088 2598 συν-

72 2637 203 2715 δέσεως
235 2636 569 2722 μεταλαμβανομένης
599 2637 654 2703 καί
684 2647 744 2703 τοῦ
775 2637 826 2704 ἆεί
857 2634 942 2703 εἶναι
973 2639 1020 2716 εἰς
1049 2641 1087 2704 τὸ

73 2746 207 2811 ἁπλοῦν
229 2742 284 2809 καί
307 2744 497 2810 ἀσύνδετον
520 2740 605 2809 εἶναι
629 2743 683 2809 καί
707 2755 765 2828 τῆς
787 2743 889 2830 ἀρχῆς
910 2747 954 2828 μὴ
976 2769 1088 2831 χρονι·
1102 2770 1131 2812 το

73 2863 142 2929 κῶς
169 2848 375 2934 ἀκουομένης
404 2847 474 2915 ἀλλ’
501 2849 523 2934 ἣ
553 2852 635 2916 κατὰ
664 2850 702 2915 τὸ
729 2850 903 2934 ποιητικὸν
931 2857 1039 2917 αἰτιον
1066 2851 1087 2936 ἢ

72 2959 158 3023 κατὰ
180 2958 218 3022 τὸ
243 2952 332 3034 εἰδος
354 2954 375 3039 ἣ
398 2958 480 3021 κατά
502 2980 533 3021 τι
556 2967 624 3021 τῶν
646 2960 774 3022 λοιπῶν
796 2959 999 3041 συμβήσεται
1020 2967 1089 3024 πᾶν

74 3064 207 3129 ἁπλοῦν
234 3060 290 3128 καὶ
318 3061 508 3129 ἀσύνθετον
534 3065 699 3149 μηδεμίαν
726 3067 813 3149 ἔχειν
835 3075 903 3130 τῶν
924 3072 986 3129 τοῦ
1008 3082 1088 3132 συν·

72 3170 179 3237 δέτου
207 3168 332 3254 ἀρχῶν·
360 3168 457 3256 ἀρχαὶ
484 3166 521 3235 δὲ
548 3180 609 3236 τοῦ
635 3169 803 3237 συνθέτου
827 3171 861 3236 αἰ
884 3168 918 3248 ἓξ
942 3171 976 3236 αἰ
999 3173 1088 3256 εἰρη-

71 3277 185 3364 μέναι·
215 3272 316 3341 οὐδὲν
344 3277 408 3363 ἄρα
430 3277 560 3343 ἁπλοῦν
583 3279 659 3343 οὔτε
683 3272 773 3355 εἶδος
795 3275 859 3355 ἕξει
883 3278 960 3342 οὔτε
982 3279 1087 3364 ταρό-
1100 3301 1133 3344 το

72 3386 195 3468 δειγμα
218 3383 295 3447 οὔτε
318 3383 450 3448 τελικὸν
472 3385 549 3449 οὔτε
566 3384 742 3469 ποιητικὸν
760 3389 879 3449 αἰτιον·
898 3385 1006 3468 μόνον
1023 3385 1088 3470 ἄρα

72 3504 142 3559 τῶν
173 3491 345 3573 αἰσθητῶν
374 3489 465 3556 ἐστιν
493 3494 630 3575 ποιητὴς
661 3490 678 3557 6
708 3491 791 3569 θεὸς
819 3490 873 3556 καί
904 3490 942 3557 ἐν
970 3491 1088 3575 μόνοις

147 3654 171 3702 1.
193 3630 323 3715 npmtssv,
342 3646 437 3704 vadd.
452 3666 481 3702 m
495 3653 520 3718 2,
534 3647 564 3701 M
624 3653 665 3702 10.
685 3647 748 3704 sort.
769 3647 876 3720 ὄργανα
937 3653 978 3702 12.
994 3667 1086 3719 γρειαι

71 3759 102 3812 δι
121 3755 198 3828 nm,
217 3769 251 3808 ex
270 3769 286 3807 σ
303 3771 332 3806 m
350 3758 376 3823 2,
394 3753 424 3807 M
514 3737 634 3825 amfi‘vv,
653 3774 695 3810 ειν
714 3771 848 3825 τυροττοτ.
867 3772 896 3808 m
914 3760 942 3828 2,
959 3754 990 3809 Μ

186 3839 202 3877 ι
312 3837 347 3875 τε

72 3868 116 3918 13.
145 3840 271 3916 &maror
291 3879 396 3914 τουτων
415 3861 451 3915 Μ
573 3869 616 3920 16.
646 3869 690 3923 17.
720 3865 809 3942 [εχειν
842 3884 984 3942 γενεσεοτς
1013 3863 1112 3935 αοηδμ

62 3929 217 3996 ειπαῘνΜ
281 3935 322 3984 26.
344 3931 486 4003 τίείλικον,
508 3950 544 3990 ex
560 3938 587 4009 λ,
607 3938 638 3995 Μ
