2394 4208
56 555 120 609 XIV
136 558 162 628 1]
324 558 373 612 DE
392 556 650 612 AETERNITATE
668 555 790 612 MVNDI
1001 557 1068 621 543

56 729 114 801 τῆς
138 720 320 798 εἰδοποιίας
342 719 397 785 καὶ
417 720 663 807 ἀδιάρθρωτον·
688 721 717 784 εί
736 721 798 805 γὰρ
817 728 863 806 τῷ
882 719 1066 807 τεταγμένῳ

55 815 95 889 ’τὸ
120 827 261 891 ἄτακτον
284 827 461 893 ἀντίκειται
480 825 536 892 καὶ
558 834 605 914 τῷ
627 830 739 913 τελείῳ
763 825 876 891 τεκαὶ
900 827 1067 912 διηρθρω-

57 931 145 1019 μένςο
169 934 205 996 τὸ
230 932 340 1010 ἀτελές
364 957 398 998 τε
416 932 471 998 καί
490 933 734 1019 ἀδιάρθρωτον,
753 935 793 997 τά
812 930 848 998 δὲ
868 933 975 998 τέλεια
994 935 1065 1017 είδη

59 1047 117 1121 τῆς
139 1038 337 1124 τεταγμένης
364 1041 524 1124 κινήσεώς
552 1039 642 1105 ἐστιν
669 1046 772 1123 αἴτια,
804 1040 859 1105 καὶ
887 1041 927 1104 τά
954 1039 1067 1126 ἀδιάρ-

56 1151 172 1228 θρωτα
204 1148 267 1231 ἀρα
299 1145 354 1211 καὶ
384 1146 480 1230 ἀτελῆ
512 1144 567 1210 καὶ
597 1146 702 1211 οἱονεὶ
735 1152 807 1231 ίχνη
839 1157 905 1210 τῶν
931 1151 1067 1211 τελείων
1094 1173 1108 1214 τ

56 1261 114 1335 τῆς
144 1252 285 1317 ἀτάκτου
316 1256 474 1338 κινήσεως
505 1259 593 1317 αἴτια
623 1256 722 1318 ἔσται.
767 1254 888 1329 ταύτας
918 1247 980 1317 οὖν
1010 1255 1067 1330 τὰς

55 1358 235 1436 ὑποθέσεις
258 1360 371 1441 λαβὼν
393 1359 411 1424 ὁ
436 1363 590 1444 Πρόκλος
613 1359 631 1424 ὁ
654 1357 709 1423 καὶ
727 1360 791 1446 πρὸ
811 1361 940 1424 τούτων
959 1357 1067 1436 δείξας

57 1464 93 1528 έν
122 1465 204 1550 ἀρχῇ
232 1474 292 1530 τοῦ
320 1469 438 1550 λόγου,
467 1466 511 1542 ὡς
537 1464 592 1530 καὶ
621 1465 726 1549 αὐτὴν
753 1467 814 1549 τὴν
842 1466 928 1549 ὕλην
958 1465 975 1530 ὁ
1006 1476 1066 1530 τοῦ

57 1575 182 1654 κόσμου
214 1573 416 1657 δημιουργὸς
446 1570 500 1637 καί
530 1575 677 1657 τεχνίτης
708 1571 877 1656 ε’ποίησεν,
910 1571 980 1637 ε’πεδ
1011 1571 1066 1636 καὶ

56 1687 119 1754 πᾶς
151 1684 298 1763 τεχνίτης
330 1678 429 1756 αὐτὸς
462 1676 568 1766 έαυτῷ
600 1681 661 1762 τὴν
693 1680 819 1744 οἰκείαν
849 1679 935 1762 ὕλην
963 1702 1066 1765 παρα·
1080 1706 1110 1745 ιο·

57 1787 219 1868 σκευάζει,
247 1784 302 1850 καὶ
330 1786 380 1850 ὅτι
408 1784 463 1850 καί
491 1788 531 1850 τά
556 1786 733 1871 πρόδρομα
754 1786 855 1850 πάλιν
877 1795 944 1850 τῶν
967 1786 1067 1851 εἰδῶν

60 1897 148 1975 ίχνη,
182 1889 214 1968 ἐξ
245 1887 293 1957 ὧν
322 1896 519 1976 πλημμελῶς
548 1890 603 1956 καί
635 1891 780 1969 ἀτάκτως
807 1890 985 1976 κινουμένη
1014 1892 1066 1975 γέ-

57 2021 157 2080 γονεν
184 1999 205 2081 ἡ
233 1998 311 2081 ὕλη,
339 1998 439 2075 αὐτὸς
467 1997 504 2063 ἐν
533 1998 615 2084 αὐτῇ
639 1998 656 2063 ὁ
681 2009 737 2082 τῆς
759 1999 842 2082 ὕλης
865 2000 1066 2083 δημιουργὸς

57 2104 249 2187 ὑπέστησεν,
278 2108 506 2188 συλλογίζεται
533 2103 665 2189 ἐφεξῆς,
693 2105 737 2182 ὡς
760 2105 822 2190 οὐχ
845 2097 929 2192 οὕόν
951 2104 988 2169 τί
1008 2121 1119 2163 τουτον.

57 2210 149 2274 ἐστιν
176 2213 257 2275 κατά
284 2214 407 2296 χρόνον
434 2219 537 2275 ταῦτα
565 2210 717 2296 ἀλλήλων
745 2212 990 2297 διακεκρίσθαι,
1022 2212 1067 2288 ὡς
1081 2237 1107 2279 15

56 2320 191 2400 πρώτην
226 2314 288 2400 μὲν
323 2319 384 2400 τὴν
421 2317 573 2382 ἀνείδεον
608 2318 694 2401 ὕλην
734 2317 956 2402 ὑφίστασθαι,
997 2313 1067 2382 εἶτα

58 2422 174 2507 ἐφεξῆς
203 2424 284 2509 αὐτῇ
312 2426 351 2487 τά
382 2429 453 2508 ίχνη
483 2434 550 2488 τῶν
578 2425 678 2489 είδῶν
702 2423 897 2489 ἐντίθεσθαι
919 2423 974 2489 καὶ
998 2429 1066 2510 τρί-

56 2554 116 2594 τον
144 2532 180 2594 τὸ
210 2532 350 2596 ἀτακτον
378 2534 579 2614 κοσμείσθαί
602 2554 637 2595 τε
664 2529 719 2595 καὶ
747 2531 938 2614 τάττεσθαι,
967 2530 1067 2616 χωρίς

57 2638 152 2721 εἰμὴ
177 2647 215 2721 τῇ
240 2636 386 2723 ἐπινοίᾳ,
411 2641 525 2720 φησίν,
553 2638 656 2701 ταῦτά
678 2660 728 2714 τις
751 2634 805 2701 ἀπ’
829 2637 981 2721 ἀλλήλων
1004 2662 1065 2721 χω-

57 2747 148 2827 ρίζοι.
185 2743 310 2808 ἀτόπου
334 2737 397 2807 οὖν
421 2741 611 2828 δειχθέντος
634 2752 694 2808 τοῦ
718 2743 781 2807 ἀνά
804 2741 976 2829 μέροςκαὶ
996 2745 1108 2829 ίδίηιεο

56 2851 185 2914 τούτων
207 2856 350 2934 θεωρεῖν
373 2849 513 2915 ἕκαστον
544 2847 637 2935 (οὕτε
660 2851 722 2935 γάρ
746 2849 766 2932 ἡ
789 2850 852 2933 ὕλη
876 2846 955 2914 ποτὲ
979 2849 1066 2914 ἀνεί-

57 2957 133 3032 δεος
160 2951 203 3038 ἦν
230 2957 307 3020 οὕτε
335 2965 395 3020 τοῦ
423 2954 623 3039 τεταγμένου
647 2966 824 3042 προηγεῖτο
848 2956 885 3020 τὸ
909 2957 1065 3044 ἀτακτον)

57 3061 182 3145 ἀνάγκη
215 3072 302 3128 πᾶσα
335 3064 400 3146 ἅμα
431 3064 538 3127 πάντα
571 3058 670 3146 εἶναι,
702 3065 764 3147 τὴν
794 3063 890 3146 ὕλην,
922 3065 961 3128 τὰ
992 3071 1064 3149 ἴχνη

56 3178 123 3231 τῶν
146 3169 257 3250 εἱδῶν,
280 3168 426 3233 αὐτὰτὰ
448 3168 555 3234 τέλεια
578 3170 662 3252 είδη·
687 3170 752 3252 άμα
775 3192 809 3234 τε
833 3171 895 3253 γάρ
914 3177 961 3257 τῷ
980 3165 1065 3235 εἶναι

56 3274 223 3357 ἐπιτηδεία
251 3273 342 3340 ἐστὶν
368 3274 388 3357 ἡ
417 3275 479 3359 ὕλη
508 3277 548 3340 τά
577 3281 649 3359 ἴχνη
678 3285 745 3339 τῶν
773 3278 873 3341 εἰδῶν
905 3275 1063 3353 δέξασθαι
1079 3301 1105 3343 τε

55 3381 204 3466 ὑποδοχὴ
230 3380 387 3463 γενέσεως
411 3376 495 3446 οὖσα
517 3380 571 3446 καὶ
595 3381 760 3470 ἐντούτῳ
784 3383 821 3446 τὸ
841 3378 925 3447 εἶναι
944 3386 1065 3466 ἔχουσα

56 3487 111 3552 καὶ
136 3489 240 3565 εὐθὺς
264 3488 345 3573 αὐτῇ
369 3496 471 3552 ταῦτα
494 3486 658 3571 ἐγγίνεται
682 3487 737 3553 καὶ
760 3489 826 3572 ὕμα
848 3496 893 3575 τῷ
912 3499 1064 3573 παρεῖναι

56 3597 96 3658 τὰ
123 3604 191 3658 τῶν
218 3596 318 3659 εἰδῶν
346 3601 419 3678 ίχνη
447 3592 502 3658 καὶ
530 3594 550 3677 ἡ
578 3592 667 3671 τάξις
691 3594 795 3670 εὐθὺς
818 3593 872 3659 καί
896 3596 935 3659 τά
958 3592 1065 3660 τέλεια

129 3793 152 3840 7.
172 3804 236 3856 pag.
252 3792 342 3855 539,1
443 3792 467 3841 9.
487 3787 648 3858 τεχνχιῙτης,
668 3803 701 3840 ex
721 3806 752 3855 η,
771 3787 799 3840 Μ
895 3793 938 3840 16.
955 3797 1068 3851 πρῶτον

56 3864 117 3925 545,
133 3864 166 3912 19
248 3862 288 3912 20.
309 3857 342 3911 ef.
360 3874 425 3928 pag.
442 3863 502 3928 ⁵40,
520 3863 554 3912 14
642 3859 742 3932 μεοοηυ
762 3858 884 3926 mm&
953 3854 1096 3915 ‘RQ-w&

52 3928 129 3990 τάξις
144 3928 174 3980 in
195 3930 272 3981 textu
292 3948 391 3993 αντοις
407 3930 439 3985 Μ
444 3955 451 4002 ;
480 3934 542 3988 not.
561 3950 672 4006 marga
703 3952 738 4004 ηρ
760 3929 855 3988 affl&
