2394 4208
57 550 99 605 1x
114 551 159 622 11]
324 548 372 603 DE
390 547 648 604 ΑΕΤΕΒΝΙΤΑΤΕ
667 547 788 604 MVNDI
1001 548 1066 613 359

59 714 141 799 ὅπερ
171 712 285 798 ἔτερόν
313 736 345 778 τι
376 707 480 796 εἶδος,
511 713 555 796 μη
585 708 720 798 φθαρὲν
750 711 831 777 αὐτὸ
861 710 916 777 καί
946 709 1067 776 ἀπολό-

58 843 163 903 μενον
190 818 365 905 ένδέχεται.
410 820 439 884 εἰ
466 822 586 884 τοίνυν
613 817 849 904 φθειρομένων
870 828 938 882 τῶν
960 818 1068 902 σωμά-

59 950 128 990 των
155 929 234 1010 μήτε
263 927 311 1004 εἰς
332 925 419 1010 ύλην
440 925 490 1018 τά1
504 927 607 989 ἔνυλα
629 925 701 1008 εἰδη
725 925 901 990 ἀναλύεται
924 923 996 1009 μήτ’
1020 926 1068 1002 εἰς

58 1031 175 1117 ἕτερόν
197 1055 228 1096 τι
247 1034 427 1118 μεταβαίνη
449 1031 670 1115 ὑποκείμενον
691 1034 771 1116 μήτε
794 1037 842 1109 εἰς
860 1031 1068 1118 ἁπλούστερα

58 1140 121 1222 τὴν
148 1138 312 1204 ἀνάλυσιν
339 1148 482 1204 ποιεῖται
508 1140 589 1221 μήτε
616 1139 664 1215 εἰς
692 1138 782 1203 ἰδίαν
809 1136 970 1223 ἀνατρέχη
994 1137 1068 1203 ὁλό-
1095 1165 1108 1206 τ

59 1268 140 1328 τητα
170 1248 251 1330 μήτε
283 1247 331 1322 εἰς
362 1244 477 1330 ἕτερον
508 1239 598 1321 εἶδος
628 1246 829 1330 μεταβάλλῃ,
867 1243 950 1309 ἀλλὰ
985 1240 1068 1328 μηδὲ

60 1351 145 1416 αὐτὰ
168 1350 243 1416 καθ’
268 1352 352 1417 αὑτοὶ
372 1352 537 1438 χωριστὴν
555 1354 673 1435 ἔχοντα
691 1351 851 1435 σωμάτων
867 1351 930 1434 τὴν
948 1349 1069 1416 ούσίαν

59 1457 219 1542 ὑπομένει
246 1459 356 1544 ὥσπερ
383 1459 424 1522 τὰ
451 1458 553 1540 νοητά
581 1454 739 1543 (χωριστὰ
760 1458 823 1543 γάρ
848 1456 939 1521 ἐστιν
961 1459 1068 1543 σωμά-

57 1587 128 1628 των
159 1563 213 1630 καί
247 1563 283 1629 έν
314 1562 546 1648 ὑποκειμένοις
578 1563 692 1640 αὐτοῖς
718 1565 779 1647 τὴν
804 1560 948 1648 ὕπαρξιν
975 1561 1068 1650 ἔχει),

59 1667 142 1735 οὐδὲ
169 1670 342 1755 ἐπινοῆσαι
369 1667 406 1735 δὲ
433 1673 559 1756 τρόπον
585 1668 700 1753 ἕτερον
725 1670 815 1755 παρὰ
841 1678 944 1735 ταῦτα
972 1694 1067 1755 μετα·
1082 1699 1108 1739 10

58 1779 163 1861 βολῆς
186 1776 362 1862 ἐνδέχεται,
384 1779 529 1842 λείπεται
553 1777 616 1862 ἀρα
639 1777 686 1853 εἰς
704 1776 741 1840 τὸ
760 1775 893 1863 μηδαμῇ
910 1778 1068 1861 μηδαμῶς

59 1881 103 1947 δν
128 1883 235 1948 πάντα
262 1885 303 1948 τὰ
330 1886 432 1948 ἔνυλα
459 1884 530 1966 είδη
558 1893 626 1947 τῶν
649 1883 810 1966 σωμάτων
831 1881 1068 1968 φθειρομένων

59 1992 295 2073 μεθίστασθαι.
345 1989 471 2054 οὐκοῦν
502 1988 556 2054 καί
590 1987 625 2053 ἐκ
656 1998 718 2053 τοῦ
749 1990 881 2075 μηδαμῇ
911 1990 1069 2074 μηδαμῶς

59 2097 158 2171 ὄντος
184 2096 245 2178 την
273 2093 405 2178 γένεσιν
430 2084 577 2179 Ιεἰληφεν.
622 2097 754 2173 τούτοις
780 2106 851 2173 τοῖς
877 2098 991 2180 λόγοις
1012 2096 1068 2163 καί

57 2211 132 2277 τοῖς
167 2203 333 2278 τοιούτοις
368 2200 446 2285 παρ’
480 2201 574 2285 ἡμῶν
612 2204 879 2287 συνθλιβόμενος
914 2201 969 2268 καί
1006 2203 1108 2271 ούκισ

58 2305 225 2394 ἀίκόμφως
257 2331 294 2391 γε
326 2318 365 2394 τῇ
399 2309 468 2395 ἰδίᾳ
501 2306 580 2394 δόξη
609 2310 752 2392 βοηθεῖν
780 2311 984 2395 πειρώμενος
1007 2326 1048 2368 10¹-
1058 2329 1120 2369 1461·

59 2418 216 2480 τοιοῦτόν
238 2439 314 2479 τινα
335 2418 440 2497 λόγον
462 2414 668 2480 διέπλαττεν·
692 2415 743 2480 ’τὰ
764 2417 828 2500 γάρ
852 2419 954 2481 ένυλα
972 2417 1068 2502 εἰδη’,

59 2525 176 2606 φησίν,
204 2512 291 2586 ζοἷον
318 2520 400 2606 φέρε
427 2522 464 2586 τὸ
492 2531 550 2606 τῆς
578 2522 699 2607 σαρκὸς
725 2516 815 2599 εἰδος
841 2521 862 2605 ἣ
885 2525 923 2588 τὸ
946 2525 1068 2589 λευκὸν

58 2628 80 2711 ἢ
108 2630 146 2693 τὸ
175 2639 282 2713 σχῆμα
308 2627 363 2692 καί
389 2638 458 2692 τῶν
484 2629 646 2693 τοιούτων
674 2627 814 2694 ἕκαστον
842 2630 950 2715 ὥσπερ
976 2633 1067 2715 γινό-

58 2758 165 2818 μενον
179 2733 214 2799 ἐκ
232 2742 292 2799 τοῦ
311 2734 452 2818 δυνάμει
470 2734 626 2799 τοιούτου
644 2737 771 2815 γίνεται
790 2732 940 2821 ένεργείᾳ
956 2746 1067 2802 τοιοῦ·
1080 2764 1108 2805 ιο

58 2864 130 2923 τον,
154 2841 242 2906 ούτω
265 2839 320 2905 καί
343 2843 572 2926 φθειρόμενον
595 2839 630 2905 ἐκ
648 2848 708 2905 τοῦ
726 2840 876 2929 ἐνεργείᾳ
893 2842 995 2908 πάλιν
1013 2841 1067 2909 ε’πί

57 2949 121 3031 την
149 2949 276 3012 οἰκείαν
299 2946 501 3031 ἀνακάμπτει
524 2947 681 3030 δύναμιν·
711 2947 757 3024 όις
779 2948 842 3033 γάρ
865 2950 902 3013 τὸ
927 2950 1066 3035 δυνάμει

58 3053 142 3140 φέρε
164 3054 286 3119 λευκὸν
308 3055 494 3138 μεταβαλὸν
515 3057 642 3137 γίνεται
662 3053 811 3141 ἐνεργείᾳ
829 3059 960 3140 λευκόν,
979 3057 1066 3124 οὕτω

59 3161 102 3244 δὴ
130 3159 185 3226 καί
211 3162 249 3225 τὸ
278 3159 427 3247 ἐνεργείᾳ
454 3162 591 3245 λευκόν,
619 3159 753 3226 ἐπειδάν
780 3168 912 3248 φθαρῇ,
940 3167 1067 3247 γίνεται

60 3267 201 3351 δυνάμει
231 3268 332 3332 πάλιν
359 3268 495 3350 λευκόν,
522 3268 605 3333 ὥστε
633 3264 767 3353 φθαρὲν
793 3268 831 3332 τὸ
860 3269 981 3334 λευκὸν
1004 3270 1067 3335 οὐκ
1080 3295 1107 3337 ιι

59 3375 108 3451 εἰς
135 3375 172 3438 τὸ
201 3376 307 3460 πάντη
330 3375 373 3458 μη
397 3371 438 3438 δν
461 3370 531 3437 ἀλλ’
555 3374 602 3451 εἰς
624 3375 662 3438 τὸ
686 3374 826 3459 δυνάμει
848 3377 970 3441 λευκὸν
993 3375 1066 3442 ἀνέ-

58 3492 201 3564 καμύεν·
238 3479 293 3545 καί
320 3481 365 3557 ὡς
393 3478 411 3545 δ
440 3480 579 3563 δυνάμει
603 3478 741 3565 ἀνδριάς
764 3481 812 3557 εἰς
833 3481 894 3546 τὸν
908 3481 1066 3569 ἐνεργείᾳ

134 3715 157 3762 1.
172 3713 196 3762 2.
217 3708 397 3776 ἀπολωμενον
415 3707 444 3760 Μ
521 3711 546 3761 3.
565 3707 628 3761 fort.
648 3707 802 3778 ἀναλύηται
879 3706 948 3779 μηθ’
965 3709 994 3763 Μ

56 3786 83 3834 5.
103 3779 166 3833 fort.
185 3787 300 3848 ποιῆται
406 3780 518 3852 mom,
537 3795 571 3833 ex
589 3797 621 3847 ει,
640 3777 669 3831 Μ
772 3778 835 3835 fort.
854 3779 932 3835 ἰδίαν
950 3780 1076 3851 Qvi&N

57 3851 94 3905 ef.
114 3856 224 3919 316,10
303 3855 327 3903 6.
345 3851 554 3925 μεταβαλλίηἰι,
573 3865 608 3906 ex
627 3868 666 3921 ει,
682 3849 717 3906 M
794 3858 825 3909 Ἰ.
843 3853 943 3922 εηουχσ
961 3850 1095 3915 mmm

53 3921 88 3971 M
171 3926 194 3973 8.
214 3920 278 3975 fort.
297 3919 425 3998 ύπομένη
