2394 4208
79 548 157 601 xvn
172 550 200 620 ι]
355 548 404 603 οτι
422 545 678 603 mmmmm
696 544 816 602 mm
1021 545 1087 610 595

80 704 340 786 θίντοςῦὃατος
354 709 409 775 καὶ
427 718 488 775 τοῦ
506 706 805 796 πεπυρακτωμένον
826 709 974 794 σιδήρου.
1004 708 1087 773 ἀλλά

81 819 121 899 δὴ
150 815 204 879 καὶ
232 816 335 898 μέλαν
356 817 393 881 τὸ
417 815 478 900 μέν
502 815 592 881 ἐστιν
613 815 685 881 κατ’
706 814 826 880 οὐσίαν
846 816 997 901 ὑπάρχον
1019 813 1086 880 τινὶ

81 925 126 1000 ὡς
149 933 187 1008 τῇ
212 921 329 1009 ἐβένῳ,
357 922 394 986 τὸ
418 918 455 986 δέ
478 920 510 999 ἐξ
535 920 732 1006 ἐπικτήσεως
754 924 1018 1007 προσγινόμενον
1041 921 1086 998 ὡς

81 1029 133 1094 ἐπὶ
166 1038 226 1093 τοῦ
258 1026 466 1111 βεβαμμένου
500 1026 601 1114 ἐρίου.
647 1026 701 1092 καὶ
734 1038 806 1112 φῶς
836 1029 873 1093 τὸ
906 1026 967 1110 μέν
997 1027 1086 1093 ἐστιν

80 1134 148 1200 κατ’
172 1135 292 1199 οὐσίαν
315 1136 359 1212 ὡς
381 1135 418 1198 τὸ
443 1133 480 1198 ἐν
502 1143 548 1222 τῷ
570 1134 668 1222 ἡλίῳ,
695 1135 732 1199 τὸ
757 1130 793 1198 δὲ
817 1132 849 1211 ἐξ
878 1132 1085 1218 ἐπικτήσεως,
1112 1163 1125 1204 ⁵

80 1242 142 1306 κάν
171 1242 221 1306 ἀεὶ
248 1251 335 1328 παρή
362 1258 461 1324 τισιν,
489 1242 534 1317 ὡς
562 1242 599 1306 τὸ
627 1239 659 1318 ἐξ
687 1240 786 1323 ἡλίου
815 1250 886 1323 φῶς
907 1250 979 1316 ταῖς
1001 1239 1085 1305 ἀνω-

79 1348 162 1434 τέρω
190 1357 250 1412 τοῦ
278 1347 374 1431 ἡλίου
402 1351 560 1434 σφαίραις
584 1345 634 1411 ἀεὶ
657 1342 719 1430 μὲν
741 1347 909 1431 πάρεστιν,
936 1345 1085 1430 ἐπιγενή-

80 1480 143 1532 τως
166 1452 202 1519 δὲ
225 1455 395 1540 πάρεστιν·
419 1454 513 1537 ὅθεν,
537 1455 566 1517 εί
588 1453 648 1517 τὸν
670 1453 767 1536 ἡλιον
791 1452 901 1516 αὐτῶν
918 1451 1085 1530 ὑπεξέλοι-

79 1585 140 1645 μεν
169 1559 238 1626 κατ’
268 1559 428 1644 ἐπίνοιαν,
458 1558 514 1625 καὶ
544 1559 581 1624 τὸ
612 1569 684 1642 φῶς
713 1559 750 1624 τὸ
779 1557 817 1623 ἐν
844 1557 958 1634 αὐταῖς
980 1558 1085 1635 εὐθὺς

79 1672 319 1751 συναφίσταται
343 1668 398 1731 άτε
421 1668 462 1750 δὴ
487 1667 530 1751 μή
553 1669 641 1754 λόγῳ
665 1673 722 1749 τῆς
745 1665 876 1747 φύσεως
898 1673 956 1748 τῆς
974 1664 1084 1729 αὐτῶν
1099 1695 1125 1735 10

80 1774 267 1859 ἐνυπάρχον
289 1773 419 1858 αὐταῖς,
443 1774 472 1837 εί
495 1771 549 1837 καὶ
573 1769 623 1837 ἀεὶ
646 1771 817 1856 πάρεστιν·
840 1771 923 1835 ὥστε
946 1768 997 1834 ἀεὶ
1016 1794 1084 1854 φω-

78 1884 241 1964 τιζόμεναι
272 1881 328 1945 διὰ
357 1881 394 1945 τὸ
425 1878 475 1945 ἀεὶ
504 1890 657 1966 παρεῖναι
685 1878 722 1942 τὸ
752 1880 896 1960 φωτίζον
922 1875 1010 1960 ὅμως
1037 1885 1084 1965 τῳ

79 1989 153 2073 ἰδίῳ
182 1991 268 2074 λόγῳ
296 1996 354 2070 τῆς
381 1988 513 2072 φύσεώς
542 1987 626 2050 εἰσιν
654 1984 843 2068 ἀφώτιστοι.
890 1984 997 2066 ὥσπερ
1021 1979 1084 2048 οὖν

79 2092 130 2157 ἐπὶ
158 2095 286 2158 τούτων
313 2093 425 2158 διττόν
453 2093 543 2157 ἐστιν
569 2103 636 2156 τῶν
663 2090 846 2177 εἰρημένων
873 2087 1022 2173 ἕκαστον,
1044 2091 1081 2155 τὸ

77 2198 139 2283 μὲν
162 2199 197 2263 ἐκ
221 2200 353 2282 φύσεως
376 2197 649 2282 συνουσιωμὲνον
671 2205 716 2285 τῳ
739 2194 961 2283 ὑποκειμένῳ,
984 2197 1020 2260 τὸ
1044 2194 1081 2261 δὲ
1096 2227 1122 2266 ιι

78 2305 255 2389 ἐπικτήτοις
279 2304 367 2392 αὐτῷ
389 2307 667 2391 προσγενόμενον,
691 2303 795 2380 οὕτως
817 2300 871 2367 καί
893 2303 931 2367 τὸ
951 2304 1081 2389 ἀφθαρ-

78 2436 137 2474 τον
165 2412 277 2476 διττὸν
305 2407 389 2476 εἶναι
418 2410 558 2495 ἀνάγκη,
587 2409 607 2494 ἡ
635 2411 672 2475 τὸ
700 2408 768 2475 κατ’
792 2409 911 2474 οὐσίαν
932 2409 1081 2496 ὑπάρχον

77 2515 143 2581 τινὶ
166 2516 185 2599 ἡ
210 2517 247 2580 τὸ
272 2516 449 2600 ἐπικτήτοις
472 2516 561 2604 αὐτῷ
584 2515 704 2601 καὶμὴ
728 2516 791 2580 ἀπὸ
815 2524 874 2580 τοῦ
898 2517 1001 2597 λόγου
1024 2525 1081 2599 τής

79 2625 203 2700 οἰκείας
226 2624 358 2706 φύσεως
375 2625 658 2708 προσγενόμενον·
681 2622 766 2687 οὕτω
786 2624 848 2707 γὰρ
867 2620 921 2685 καὶ
941 2622 975 2686 αἱ
993 2638 1080 2686 στοι-

77 2732 174 2812 χείων
211 2727 363 2811 ὁλότητες
399 2736 463 2792 νῦν
498 2730 535 2793 τὸ
573 2728 753 2793 ἀδιάλυτον
784 2730 919 2811 ἔχουσιν
951 2727 992 2793 οὐ
1023 2737 1120 2812 τήςιο

78 2835 194 2911 οὐσίας
221 2833 332 2899 αὐτῶν
358 2836 417 2899 τὸν
445 2837 548 2918 λόγον
575 2834 636 2899 οὐκ
659 2833 797 2919 ἐχούσης
819 2843 876 2917 τής
899 2834 1080 2912 διαλύσεως

79 2940 289 3026 (τούναντίον
320 2942 381 3027 γὰρ
410 2937 511 3006 οὐδὲν
539 2943 630 3005 ἔστιν
657 2943 820 3024 στοιχείου
848 2938 962 3026 μέρος,
990 2940 1007 3004 ὃ
1035 2944 1078 3026 μή

76 3045 146 3110 κατ’
168 3046 337 3132 ἐνέργειαν
360 3044 550 3133 φθείρεται)
573 3044 643 3110 ἀλλ’
667 3048 711 3124 ὡς
734 3056 854 3131 συνεχή
873 3044 928 3110 καὶ
946 3046 1079 3112 ἀδιάκο-

76 3176 142 3218 πον
164 3155 224 3236 τὴν
248 3152 423 3236 ἐπισκευήν
446 3153 632 3237 δεχόμεναι·
658 3150 731 3217 ἀντὶ
754 3155 816 3239 γὰρ
839 3162 899 3217 τοῦ
923 3160 1078 3239 φθαρτοῦ

75 3262 180 3346 πυρὸς
212 3258 326 3343 ἕτερον
357 3259 461 3336 εὐθὺς
494 3258 673 3342 ἐπιγίνεται
705 3257 759 3323 καὶ
791 3260 852 3342 τήν
882 3268 942 3323 τοῦ
972 3262 1077 3345 πυρὸς
1091 3287 1117 3328 ιε

75 3368 214 3450 ὁλότήτα
242 3366 439 3452 ἀναπληροῖ,
469 3364 523 3431 καὶ
552 3365 589 3430 τὸ
618 3361 843 3431 ἀιαπνενσθὲν
869 3374 929 3430 τοῦ
956 3365 1077 3442 ὕδατος

73 3476 193 3558 μόριον
223 3463 302 3537 ἀλλο
332 3473 424 3558 ὕδωρ
454 3474 636 3556 γενόμενον
666 3470 907 3556 ἀνεπλήρωσεν,
939 3470 993 3535 καὶ
1024 3470 1077 3537 ἐπὶ

145 3707 168 3755 3.
189 3717 414 3771 προσγηνομενον
432 3700 461 3753 Μ
533 3705 557 3754 4.
577 3699 789 3824 βεήριμμενοήοὴ,
808 3715 841 3754 ex
860 3700 932 3787 mh}
1000 3705 1023 3754 ὅ.
1043 3700 1075 3754 τὸ

75 3772 104 3826 ἐν
123 3774 167 3843 pt]
186 3792 223 3826 τω
242 3790 272 3826 εν
291 3771 320 3824 Μ
404 3776 428 3826 8.
445 3776 468 3824 9.
489 3771 581 3825 αὐτῶν
638 3769 775 3839 εξίλοιμεν
807 3790 892 3825 αοτον
909 3771 1075 3838 υπεξελομεν

73 3844 142 3979 gv
171 3849 224 3964 ἐξ,
243 3862 274 3895 το
296 3843 362 3913 [νει]
382 3842 411 3894 Μ
502 3848 543 3896 16.
562 3841 633 3914 iffi,
651 3858 686 3896 ex
704 3862 742 3912 ω,
878 3842 1102 3908 ‘zbnmmms

144 3953 153 3978 5

904 3992 964 4049 Q*
