2394 4208
54 561 118 615 XVI
132 567 156 615 6.
170 561 259 634 XVII]
328 561 376 616 DE
394 561 652 618 AETERNITATE
668 562 793 618 MVNDI
998 561 1064 626 589

54 726 113 789 διὰ
135 723 172 788 τὸ
196 726 239 808 μὴ
264 720 349 790 εἶναι
373 722 410 789 τὸ
434 728 547 809 κακόν,
564 725 737 791 τουτέστιν
755 725 836 791 αὐτὸ
857 724 894 791 τδ
914 727 1064 792 ἄτακτον.

54 831 111 896 καὶ
134 833 216 896 κατὰ
235 833 400 897 Πλάτωνα
423 833 487 916 ἄρα
509 831 550 896 οὐ
573 831 636 896 δύο
660 831 743 897 ἄλλά
765 837 824 916 μία
847 831 938 899 ἐστὶν
959 833 980 917 ἡ
1002 842 1064 898 τοῦ

52 946 140 1004 θεοῦ
167 940 326 1021 βούλησις
354 939 531 1023 διαφόροις
553 939 867 1024 προσαγορευομένη
892 940 1063 1025 ὀνόμασιν.

295 1045 394 1122 Τέλος
417 1046 542 1122 λύσεως
563 1053 624 1110 τοῦ
648 1044 698 1121 ις’
717 1049 830 1131 λόγου.

110 1563 294 1645 Πρόκλου
318 1561 509 1645 διαδόχου
533 1563 651 1644 λόγος
673 1557 1012 1636 ἑπτακαιδέκατος.
1092 1587 1105 1628 ι

125 1683 446 1762 ωΕτιτακαιδέκατος
469 1689 551 1752 ἔστω
570 1687 670 1768 λόγος
687 1696 755 1749 τῶν
773 1681 966 1768 ἀξιωμάτων
983 1683 1068 1767 ἡμᾶς

57 1790 318 1876 ἀναμιμνῄσκων
339 1803 407 1856 τῶν
423 1790 692 1878 Ἀριστοτελικῶν
710 1792 755 1869 ὡς
772 1795 885 1879 πολλῷ
904 1793 1069 1876 πρότερον

59 1905 286 1965 Πλατωνικῶν
304 1900 423 1983 ὄντων,
440 1899 460 1964 ἄ
479 1900 520 1983 δή
540 1898 630 1964 ἐστιν
645 1899 723 1963 “τιᾶν
739 1899 777 1962 τὸ
797 1897 938 1981 γενητὸν
956 1904 1069 1982 φθαρ-

56 2007 131 2072 τόν’
153 2004 208 2070 καὶ
231 2005 310 2070 εκῶν
331 2007 369 2070 τὸ
393 2004 554 2090 ἀγένητον
576 2005 779 2090 ἄφθαρτον’·
801 2006 931 2069 τούτων
948 2006 1011 2088 γὰρ
1029 2005 1068 2069 τὸ

57 2110 121 2198 μὲν
149 2111 185 2176 ἐν
212 2116 361 2198 πολιτείᾳ
388 2111 490 2195 λέγει,
517 2112 554 2176 τὸ
584 2108 621 2176 δέ
649 2111 686 2176 ἐν
711 2120 759 2200 τῷ
789 2112 935 2199 Φαίδρῳ.
981 2109 1065 2176 ’ἀλλ’
1084 2139 1109 2178 10

59 2216 130 2284 ἐπεὶ
153 2217 321 2306 γενομένῳ
344 2215 443 2283 παντὶ
467 2219 583 2302 φθορά
606 2217 709 2283 ἐστιν’
728 2217 833 2302 φησὶν
851 2218 869 2284 ὁ
889 2220 1070 2304 Σωκράτης

58 2328 118 2403 τάς
142 2326 269 2409 μούσας
290 2325 553 2408 ὑποκρινόμενος
570 2323 625 2390 καὶ
645 2325 769 2408 ’ἐπειδὴ
788 2325 950 2409 ἀγένητόν
969 2326 1070 2410 ἐστιν,

59 2430 116 2497 καὶ
143 2431 379 2516 ἀδιάφθαρτον
406 2429 532 2515 ἀνάγκη
560 2427 659 2496 εἶναι’
688 2429 793 2515 φησὶν
824 2440 934 2496 πᾶσαν
966 2431 1071 2517 ἀρχὴν

61 2538 224 2622 ἀγένητον
254 2533 339 2602 εἶναι
370 2535 478 2614 δείξας
505 2535 560 2602 καὶ
590 2538 647 2602 διὰ
675 2538 712 2602 τὸ
743 2536 904 2621 ἀγένητον
934 2538 984 2602 ὅτι
1015 2536 1070 2603 καὶ

60 2647 236 2729 ἄφθαρτος
263 2645 516 2727 καταδυόμενος.
561 2645 690 2709 τούτων
716 2645 779 2728 γάρ
803 2645 911 2708 όντων
933 2644 1071 2727 ἀληθῶν
1085 2671 1111 2712 1⁵

60 2749 116 2815 καὶ
145 2761 212 2814 ιιᾶν
242 2750 366 2833 ἀνάγκη
397 2751 434 2814 τὸ
463 2751 619 2835 φθαρτὸν
648 2747 734 2816 εἶναι
764 2752 905 2834 γενητὸν
934 2750 979 2836 (ελ
1007 2753 1070 2837 γάρ

62 2855 235 2940 ἀγένητον,
263 2860 353 2921 ἔσται
381 2858 559 2942 ἄφθαρτον
580 2858 617 2921 τὸ
641 2859 811 2941 φθαρτόν·
844 2857 924 2942 ὅπερ
948 2857 1071 2923 ἀδύνα-

60 2963 136 3050 τον)
166 2963 221 3028 καὶ
250 2973 317 3028 πᾶν
346 2965 525 3049 ἄφθαρτον
554 2961 716 3047 ἀγένητον
748 2960 792 3050 (ελ
824 2965 887 3049 γάρ
920 2968 1071 3049 γενητόν,

63 3074 153 3136 ἔσται
181 3071 338 3155 φθαρτὸν
365 3071 402 3135 τὸ
431 3068 629 3156 ἄφθαρτον).
674 3071 803 3134 τούτων
833 3066 870 3134 δὲ
902 3068 1072 3165 ἕκομένων

61 3175 95 3255 ἐξ
126 3176 271 3260 ἀνάγκης
301 3178 330 3241 εἰ
359 3179 536 3261 ἄφθαρτον
563 3177 600 3241 τὸ
627 3186 694 3240 κῶν
722 3175 812 3241 ἐστιν
844 3174 903 3262 (ὡς
938 3176 973 3241 ἐκ
1005 3187 1072 3241 τῶν
1086 3203 1112 3242 ιο

62 3282 223 3366 κειμένων
242 3284 358 3367 δῆλον·
380 3285 529 3368 τῶνγὰρ
548 3282 736 3366 ἀθανάτων,
751 3286 865 3366 φησίν,
877 3280 881 3369 ff
893 3283 993 3360 αὐτὸς
1015 3300 1054 3341 10¹·
1061 3302 1124 3342 mr·

63 3390 279 3475 δημιουργός
316 3391 353 3454 τὸ
378 3386 414 3454 δὲ
438 3389 609 3455 ἀθάνατον
632 3389 838 3474 ἀνώλεθρον,
862 3390 906 3465 ὡς
930 3389 966 3454 ἐν
991 3394 1073 3455 Φαί-

63 3498 146 3561 δωνι
170 3494 311 3579 λέγεται·
344 3496 457 3582 (σχολῇ
481 3498 543 3582 γὰρ
568 3496 610 3560 ἄν
631 3520 663 3561 τι
687 3498 768 3560 ἄλλο
793 3502 841 3579 εἴη
866 3495 1072 3582 ἀνώλεθρον,

136 3729 159 3776 3.
179 3691 485 3794 κροσαγορευομενδᾶδν
503 3724 532 3776 Μ
596 3729 636 3777 10.
656 3723 728 3778 Plat.
748 3724 815 3793 reip.
835 3722 898 3776 VIII
918 3725 999 3778 546A

66 3801 106 3847 12.
126 3794 198 3847 Plat.
213 3795 330 3849 Phaedr.
346 3794 426 3849 2451]
488 3800 528 3849 13.
561 3815 609 3848 και
628 3795 843 3865 αδιαφθοιρλτον
862 3795 894 3847 M
922 3797 976 3847 m
993 3794 1082 3845 Im&-

65 3870 178 3932 φθορον
198 3866 265 3919 αὐτὸ
284 3865 353 3919 Plat.
446 3872 488 3921 20.
509 3885 535 3922 ει
591 3865 685 3937 ,ἄοπλα
704 3866 764 3922 (IIII.
835 3871 888 3918 θῶ..
922 3861 1105 3914 &Ym-

58 3935 275 4004 don.106Asq,
