2348 4290
60 550 100 604 ιιι
115 551 160 624 ιι]
325 549 648 621 ιιιιιωιιιιιιιιοιιέ
666 549 787 606 mm
999 549 1064 614 463

60 713 184 799 σαρκὸς
213 715 316 796 ὄγκον
344 714 406 797 τὴν
435 711 574 779 ἑκάστου
604 724 672 779 τῶν
700 718 874 799 στοιχείων
907 711 998 778 ἰδίαν
1030 711 1067 777 ἐν

60 817 167 907 ἑαυτῷ
194 818 452 904 καταδέξασθαι,
480 819 645 905 ἐνδέχεται
673 821 737 907 άρα
763 821 801 885 τὸ
828 823 992 907 πρότερον
1021 827 1067 906 τῷ

58 935 118 1010 τῆς
145 936 205 1011 γῆς
233 927 314 991 είδει
340 926 562 1012 ὑποκείμενον
588 937 647 1012 τῆς
674 928 796 1013 σαρκὸς
823 929 944 1013 μόριον
966 924 1066 1014 (λέγω

59 1033 101 1116 δὴ
125 1033 205 1098 αὐτὸ
228 1033 266 1098 τὸ
289 1042 384 1119 τριχῇ
408 1033 587 1099 διαστατδν
604 1033 659 1099 καὶ
677 1031 786 1121 σῶμα)
804 1037 992 1120 φθαρείσης
1010 1042 1068 1117 τῆς

58 1140 182 1224 σαρκὸς
208 1140 245 1204 τὸ
273 1148 334 1206 τοῦ
360 1139 483 1218 ύδατος
509 1139 530 1224 ἢ
559 1141 663 1206 άλλου
689 1141 782 1217 τινὸς
804 1150 872 1205 τῶν
894 1145 1067 1224 στοιχείων
1093 1167 1105 1206 5

58 1245 97 1310 ἐν
125 1243 231 1335 ἑαυτῷ
259 1245 502 1324 καταδέξασθαι
530 1243 633 1325 εἶδος·
663 1246 825 1313 ὥστεκαὶ
848 1248 910 1330 τὴν
932 1257 996 1330 γῆν
1019 1248 1066 1323 είς

57 1354 99 1416 τά
126 1354 226 1417 λοιπά
252 1364 320 1418 τῶν
347 1357 520 1439 στοιχείων
545 1354 763 1438 μεταβάλλειν
791 1352 931 1437 ἀνάγκη·
967 1361 1065 1417 τοῦτο

57 1460 121 1543 γάρ
150 1458 241 1525 ἐστιν
267 1459 288 1543 ἡ
316 1461 364 1537 εἰς
390 1461 516 1544 άλληλα
542 1470 609 1525 τῶν
637 1463 810 1546 στοιχείων
836 1461 1000 1543 μεταβολὴ
1028 1461 1065 1523 τὸ

56 1567 95 1631 τὸ
119 1565 200 1631 αὐτὸ
222 1565 445 1651 ὑποκείμενον
467 1567 584 1632 άλλοτε
603 1569 706 1632 άλλου
725 1570 890 1651 στοιχείου
910 1564 1065 1650 δέχεσθαι

57 1669 162 1756 εἶδος,
190 1673 235 1750 ὡς
261 1675 425 1759 πρότερον
452 1672 625 1740 δέδεικται.
670 1672 725 1739 καὶ
752 1677 787 1738 τί
807 1695 847 1756 με
871 1672 922 1737 δελ
944 1674 1065 1758 μακρύ-
1080 1699 1106 1737 ιο

56 1802 157 1863 τερον
183 1788 244 1844 τοῦ
271 1777 326 1844 καὶ
354 1781 415 1865 την
442 1789 507 1864 γῆν
535 1781 583 1858 είς
608 1782 650 1846 τά
675 1781 776 1845 λοιπά
803 1789 950 1864 στοιχεία
971 1801 1066 1863 μετα-

55 1887 194 1968 βάλλειν
216 1884 404 1951 άποτείνειν
426 1888 530 1970 λόγον
546 1887 668 1952 τούτου
688 1897 803 1970 σαφῶς
819 1883 875 1950 καὶ
893 1885 982 1970 παρὰ
1000 1894 1066 1947 τῶν

54 1993 139 2076 μετά
162 1992 327 2058 Πλάτωνα
347 1994 482 2058 πάντων
505 2004 659 2078 φυσικῶν
682 1990 978 2077 άποδεδειγμίνου;
1002 1985 1064 2077 οὖί

57 2094 95 2164 δὲ
127 2100 225 2184 χάριν
255 2099 384 2165 τούτων
415 2109 480 2164 νῦν
511 2109 579 2164 τῶν
615 2101 725 2183 λόγων
761 2098 984 2184 ἐμνήσθημεν,
1008 2114 1047 2154 101.
1055 2116 1116 2155 1⁹11-

57 2205 166 2271 ἐκείνύ
190 2204 293 2271 ἐστιν·
316 2205 382 2290 ὄτι,
405 2206 434 2270 εί
458 2204 637 2290 δέδεικται,
660 2207 705 2284 ὡς
727 2206 765 2271 τὸ
789 2206 851 2289 τὴν
873 2215 937 2289 γῆν
955 2203 1066 2287 λέγειν
1079 2231 1104 2271 ιι

56 2312 283 2396 ἀμετάβλητον
306 2307 392 2377 εἶναι
415 2313 550 2398 μάχεται
573 2320 619 2400 τῷ
643 2311 679 2378 ἐκ
701 2323 770 2378 τῶν
787 2314 958 2399 τεσσάρων
977 2329 1065 2375 στοι-

56 2422 156 2504 χείων
183 2424 383 2502 συγκείσθω
411 2417 522 2501 λέγειν
548 2420 589 2484 τά
611 2420 759 2485 σύνθετα
782 2421 926 2503 σώματα,
949 2421 984 2482 τί
1003 2441 1065 2482 κω-

56 2527 131 2590 λύει
153 2524 209 2590 καὶ
232 2526 335 2590 άλλον
357 2527 419 2608 τὴν
440 2524 517 2611 περὶ
539 2528 619 2604 τούς
640 2512 763 2610 λύγουρ
786 2526 896 2591 αὐτῶν
914 2524 1064 2608 άγνωμο-

56 2633 165 2714 σύνην
184 2632 392 2716 μιμούμενον
411 2633 571 2716 συνάγειν
590 2631 760 2717 ἐντεῦθεν,
782 2633 842 2717 ὡς,
865 2634 895 2697 εί
918 2633 978 2714 τὴν
1002 2641 1065 2714 γῆν

56 2737 284 2822 ἀμετάβλητον
311 2734 400 2803 εἷναί
419 2757 524 2823 φησιν
546 2738 565 2805 δ
590 2740 742 2824 Πλάτων,
765 2739 828 2804 ούκ
851 2740 914 2826 άρα
938 2737 973 2803 ἐκ
996 2748 1062 2802 τῶν
1076 2763 1102 2802 ιο

56 2844 225 2929 τεσσάρων
255 2839 341 2909 εἶναι
370 2849 544 2930 στοιχείων
572 2847 612 2910 τά
642 2847 789 2911 σύνθετα
820 2847 975 2928 βούλεται
1003 2847 1063 2910 σώ-

54 2975 155 3034 ματα,
183 2949 246 3016 κάν
272 2961 371 3016 τοῦτο
400 2953 482 3038 δοκῇ
510 2950 621 3036 λέγειν
651 2952 707 3018 διά
735 2962 793 3037 τῆς
823 2949 953 3031 λέξεως;
990 2949 1059 3017 ἀλλ’

55 3052 147 3140 οἶμαι
175 3058 213 3121 τὸ
241 3067 373 3123 τοιοῦτο
401 3068 469 3122 τῶν
496 3060 607 3141 λόγων
629 3053 718 3135 εἶδος
739 3057 760 3142 ἢ
783 3062 951 3134 παντελῶς
975 3056 1064 3122 ἐστιν

55 3167 259 3247 φιλονείκων
290 3163 311 3248 ἣ
343 3164 536 3248 φιλούντων
567 3169 694 3249 μᾶλλον
725 3175 783 3249 της
814 3163 973 3247 ἀληθείας
1005 3164 1064 3228 τὸν

55 3270 233 3335 Πλάτωνα·
270 3275 306 3336 τί
325 3273 388 3356 γάρ
412 3272 533 3335 κωλύει
556 3269 611 3336 καὶ
634 3270 773 3337 ἕκαστον
795 3273 897 3357 ταύτη
920 3280 959 3357 τῇ
981 3278 1062 3355 μεθ·
1077 3295 1102 3336 ει

54 3377 122 3464 ύδρι
152 3377 333 3462 χρώμενον,
362 3377 442 3463 ὅπερ
470 3376 525 3442 καὶ
552 3379 716 3464 πρότερον
739 3382 885 3462 είπομεν,
910 3380 1064 3459 συλλογί-

54 3487 183 3567 ζεσθαι,
221 3484 266 3560 ὡς
303 3481 414 3561 οὐδεὶς
451 3484 662 3549 οὐδεπώποτε
699 3485 775 3549 οὔτε
811 3494 878 3548 τῶν
913 3488 1064 3549 παλαιῶν

53 3591 132 3654 οὔτε
156 3600 223 3653 τῶν
246 3599 310 3654 νῦν
333 3591 440 3674 ψευδῆ
464 3589 538 3677 περὶ
561 3601 629 3656 τῶν
650 3592 851 3677 πραγμάτων
870 3593 965 3676 ἔσχεν
982 3591 1064 3654 ὑπό-

126 3859 166 3908 10.
188 3852 222 3907 cf.
241 3870 305 3924 pag.
326 3859 490 3923 366,19εη.
596 3860 637 3909 λλ.
658 3851 836 3926 φιλονείκαν]
855 3858 1014 3923 φιλονεικον
1032 3853 1062 3906 Μ

126 3930 167 3979 26.
186 3941 250 3995 pag.
266 3930 326 3992 400,
343 3928 376 3978 18
