2394 4208
85 601 189 656 xv12.
204 602 232 674 a]
353 604 402 659 οο
419 603 677 658 mmmm
696 601 817 657 mm
1028 602 1096 667 569

87 776 154 829 τῶν
178 767 225 842 εἰς
247 768 285 831 τὸ
309 762 394 833 εἶναι
417 766 658 853 παραγομένων
681 766 922 832 συνδιίσταται·
955 766 996 831 οὐ
1019 767 1096 851 γάρ,

85 871 198 955 ἐπειδὴ
222 874 303 938 ἄλλο
328 873 365 938 έν
387 876 475 962 άλλςο
498 874 608 960 χρόνςο
631 877 760 956 γίνεταί
779 896 814 938 τε
836 872 891 938 καὶ
913 876 1015 956 ἔστιν,
1038 874 1096 938 διά

84 987 183 1043 τοῦτο
207 977 262 1043 καὶ
285 979 305 1063 ἡ
328 990 389 1044 τοῦ
413 976 500 1046 εἶναι
524 979 607 1044 αὐτὰ
629 988 689 1044 τοῦ
707 986 793 1045 θεοῦ
811 982 971 1063 βούλησις
989 981 1093 1045 άλλου

85 1083 122 1149 έν
146 1086 233 1172 άλλῳ
257 1088 366 1174 χρόνῳ
391 1091 532 1170 γίνεται,
561 1083 630 1150 ἀλλ’
655 1087 699 1163 ὡς
722 1087 758 1151 τὸ
782 1085 905 1171 μέλλον
927 1072 1020 1151 οἶδεν
1042 1083 1094 1150 ἀεὶ

85 1188 140 1254 καλ
168 1192 327 1276 πάρεστιν
356 1193 446 1280 αὐτῷ
474 1202 513 1278 τῇ
540 1194 729 1278 προγνώσει
752 1193 789 1256 τὸ
812 1196 908 1276 μήπω
931 1193 982 1275 όν,
1005 1192 1093 1257 οὕτω
1121 1216 1136 1258 ο

85 1298 194 1380 δήπου
224 1297 279 1364 καὶ
309 1309 369 1364 τοῦ
402 1295 488 1364 εἶναι
517 1300 555 1364 τὸ
585 1299 708 1383 μέλλον
736 1300 899 1382 βούλησιν
930 1297 981 1363 άελ
1014 1303 1093 1384 ἔχει·

85 1401 186 1469 οὐδὲν
213 1407 276 1491 γάρ
307 1406 396 1493 αὐτῷ
419 1407 584 1491 πρότερόν
607 1405 698 1470 ἐστιν
720 1401 801 1470 οὐδὲ
822 1405 972 1491 ὕστερον.
1018 1403 1088 1470 ἀλλ’

85 1507 166 1576 οὐδὲ
193 1514 274 1577 άλλο
302 1535 334 1577 τι
362 1516 513 1597 φήσομεν
540 1514 628 1598 παρὰ
654 1518 725 1599 θεῷ
749 1514 810 1595 τὴν
831 1521 892 1578 τοῦ
914 1511 1094 1596 μέλλοντος

85 1612 170 1682 εἶναι
197 1621 319 1702 νόησιν
340 1618 360 1702 ἢ
384 1621 446 1702 τὴν
467 1628 528 1683 τοῦ
552 1615 637 1683 εἶναι
659 1620 697 1683 τὸ
720 1617 843 1702 μέλλον
864 1620 1028 1701 βούλησιν
1050 1655 1092 1665 -

84 1722 305 1810 ὑπεξχρήσθω
330 1725 370 1789 δέ
389 1749 446 1809 μοι
469 1734 529 1790 τοῦ
552 1727 655 1809 λόγον
674 1725 811 1809 ἡκακία
830 1744 885 1771 -·
909 1726 938 1789 εἰ
956 1726 1019 1810 γάρ
1038 1722 1093 1789 καὶ
1107 1747 1137 1788 ιο

85 1826 188 1913 οἶδεν,
221 1833 265 1909 ὡς
294 1835 400 1914 ἔσται,
431 1829 501 1896 ἀλλ’
532 1831 594 1896 οὐκ
624 1835 759 1897 ἔσεσθαι
789 1831 893 1915 αὐτὴν
923 1831 1093 1913 βούλεται·

86 1935 156 2001 ἐπεὶ
183 1934 267 2021 μηδὲ
293 1939 476 2016 ὑπόστασίς
502 1962 552 2015 τις
580 1942 671 2004 ἔστιν
697 1947 801 2003 κακοῦ
831 1939 900 2024 ἰδίᾳ
926 1937 982 2003 καὶ
1011 1935 1088 2003 καθ’

86 2044 182 2128 αὑτό,
211 2042 281 2109 ἀλλ’
309 2043 346 2109 έν
373 2055 413 2130 τῇ
439 2048 668 2130 παραχωρήσει
691 2056 749 2129 τῆς
770 2047 852 2110 κατά
875 2045 981 2128 φύσιν
1003 2044 1093 2130 ἐνερ-

85 2155 176 2234 γείας
198 2152 260 2234 τὴν
283 2152 452 2216 δοκοῦσαν
474 2152 634 2234 λαμβάνει
655 2149 805 2237 ὕπαρξιν.
851 2152 881 2215 εἰ
903 2146 1009 2234 οὖνὴ
1032 2160 1093 2216 τοῦ

84 2256 264 2341 μέλλοντος
292 2257 329 2322 έν
356 2265 401 2344 τῷ
430 2265 501 2345 θεῷ
528 2259 645 2341 νόησις
672 2257 726 2322 άεί
751 2257 842 2324 ἐστιν
863 2255 919 2322 καὶ
942 2258 1004 2322 οὐκ
1028 2262 1093 2343 ἔχει
1108 2279 1136 2322 ιε

85 2365 122 2427 τὸ
146 2363 236 2447 ποτέ,
260 2361 339 2428 οὐδὲ
362 2364 382 2448 ἡ
406 2373 467 2429 τοῦ
491 2360 577 2430 εἶναι
601 2367 665 2449 άρα
682 2367 719 2430 τὸ
739 2364 862 2449 μέλλον
879 2367 1038 2448 βούλησις
1055 2365 1092 2430 τὸ

84 2470 167 2535 ποτέ
192 2469 266 2548 ἕξει.
312 2469 440 2556 άμερῶς
468 2465 531 2535 οὖν
558 2469 613 2536 καὶ
641 2471 858 2555 άδιαστάπως,
886 2472 931 2548 ὡς
957 2481 1094 2555 προνοεῖ

84 2578 219 2642 πάντων
241 2575 296 2642 καὶ
319 2579 475 2660 γινώσκει
496 2578 614 2662 πάντα,
642 2578 728 2643 οὕτω
751 2576 806 2643 καὶ
828 2578 983 2660 βούλεται
1006 2573 1092 2642 εἶναι

84 2685 200 2748 πάντα
245 2685 373 2748 τούτων
401 2679 464 2749 οὖν
491 2684 597 2761 οὕτως
620 2683 764 2769 ἑχόντων
787 2684 926 2768 οὐδεμία
948 2686 1092 2749 λείπεται

85 2789 210 2873 ἀνάγκη
236 2791 351 2855 διὰτὸ
375 2789 425 2855 άελ
452 2791 637 2873 βούλεσθαι
664 2791 725 2854 τὸν
751 2790 836 2855 θεὸν
864 2786 949 2855 εἶναι
977 2792 1014 2856 τὸ
1042 2814 1092 2855 ιε-
1107 2811 1136 2851 ιο

85 2897 249 2981 ταγμένον
270 2898 333 2981 ἥδη
357 2895 412 2961 καὶ
436 2897 516 2962 αὐτὸ
541 2892 626 2961 εἶναι
650 2895 769 2961 άίδιον.

152 3001 195 3086 γ’.
220 3001 290 3068 Ὅτι
314 3000 350 3068 δὲ
373 3002 428 3068 καὶ
452 3003 552 3080 αὐτὸς
575 3002 593 3069 ὁ
618 3006 786 3089 Πρόκλος,
810 3002 847 3068 έν
869 2994 921 3079 οἷς
942 3004 986 3087 μὴ
1008 3005 1093 3088 πρὸς

86 3113 158 3194 ἔριν
194 3113 273 3186 τοὺς
309 3111 432 3192 λόγους
461 3119 604 3175 ποιεῖται
636 3107 706 3174 ἀλλ’
740 3109 844 3192 αὐτὴν
879 3108 956 3175 καθ’
988 3110 1093 3193 αὑτὴν

85 3224 261 3302 περιαδρεῑ
289 3218 352 3300 τὴν
380 3226 447 3280 τῶν
473 3216 675 3302 πραγμάτων
702 3215 879 3300 ἀλήθειαν,
908 3225 1012 3281 ταῦτα
1037 3216 1092 3283 καὶ

85 3325 241 3407 γινώσκει
269 3333 384 3407 σαφῶς
410 3321 465 3388 καὶ
488 3322 592 3407 λέγει,
620 3327 768 3407 ἔγνωμεν
791 3321 823 3400 ἐξ
847 3319 887 3407 ἧς
910 3323 1014 3388 αὐτοῦ
1037 3322 1092 3389 καὶ
1106 3348 1134 3390 ιι

85 3433 203 3494 άλλοτε
220 3439 399 3515 περικοπῆς
419 3430 423 3513 Ι
443 3428 659 3515 παρεθέμεθα
682 3429 718 3494 ἐκ
741 3437 801 3494 τοῦ
824 3431 929 3512 λόγον
951 3439 1012 3495 τοῦ
1031 3447 1070 3487 101·
1079 3448 1145 3488 ²³⁷*-

86 3536 160 3621 περὶ
183 3547 250 3601 τῶν
273 3535 352 3601 δέκα
370 3536 454 3622 πρὸς
471 3538 533 3620 τὴν
550 3540 714 3623 πρόνοιαν
732 3536 964 3620 άπορημάτων·
988 3536 1093 3620 φησὶν

157 3841 181 3890 3.
197 3837 280 3888 αλλον
289 3833 330 3900 Μ;
350 3833 413 3888 fort.
424 3832 490 3903 άλλη
546 3838 570 3890 ὃ,
581 3834 656 3908 αὐτῷ
670 3833 718 3903 (οἱ.
727 3835 974 3903 §QQQAQQQ
982 3829 1121 3881 uum&

155 3912 177 3957 6.
193 3906 258 3975 τοῦ]
273 3923 305 3958 ιο
322 3905 354 3958 Μ
413 3910 436 3961 7.
458 3907 549 3982 αὐτῷ]
568 3905 643 3964 δύτω
661 3906 697 3961 M
758 3911 806 3962 Υδ.
826 3903 933 3969 maxx>
951 3894 1066 3961 mm&

74 3980 115 4025 14,
136 3976 298 4030 δονκονσαν
315 3976 347 4030 Μ
422 3983 469 4036 20,
488 3981 686 4054 [βχρρλρσθαι
702 3979 738 4034 M
