2394 4208
99 573 143 630 τι
157 580 182 631 ο.
197 576 226 647 ι]
373 574 422 631 οι
440 575 699 633 mmmmm
717 577 838 633 Μνμοι
1053 579 1117 644 149

99 747 164 803 τοῦ
188 743 344 823 γίνεσθαι
367 739 404 804 τὸ
429 734 515 805 εἶναι
538 742 655 825 λοβόν,
674 741 719 818 ὡς
742 743 832 807 οἰκία
849 741 904 806 καὶ
922 747 1044 808 πλοῖον
1062 741 1118 808 καὶ

100 846 214 929 φυτὸν
235 844 292 910 καὶ
316 850 416 934 ζῷον,
443 849 529 913 καθὸ
553 848 615 932 τὴν
638 848 809 934 ἀστραπὴν
830 847 886 914 καὶ
909 849 970 914 τὸν
996 852 1118 935 κρότον

99 950 160 1016 καὶ
186 953 249 1018 ὅσα
277 951 435 1037 ἐξαίφνης
461 954 641 1037 ὑφίσταται
668 953 724 1019 καλ
750 957 889 1020 παύεται
913 955 954 1020 οὐ
977 956 1118 1040 λέγομεν

99 1054 191 1124 εἶναι
213 1061 348 1144 γενητοί·
371 1061 480 1126 πάντα
503 1062 566 1147 γὰρ
589 1061 631 1126 τὰ
653 1070 804 1145 τοιαῦτα,
830 1062 875 1139 ὡς
897 1061 953 1127 καὶ
972 1060 1119 1148 Ἀριστο-

97 1164 198 1250 τίλης
216 1171 331 1251 φησίν,
350 1169 430 1232 ἄνευ
455 1167 615 1251 γενέσεως
638 1170 686 1245 είς
708 1169 745 1233 τὸ
770 1164 856 1234 εἶναι
878 1172 1118 1255 παραγίγνεται
1145 1193 1159 1235 ο

98 1270 160 1336 καὶ
192 1272 293 1358 χωρὶς
322 1280 457 1359 φθορᾶς
489 1276 537 1352 είς
565 1274 603 1339 τὸ
633 1275 677 1357 μὴ
708 1270 793 1339 εἶναι
821 1275 1031 1358 μεταβάλλει·
1062 1274 1118 1340 καὶ

99 1379 222 1464 δῆλον,
253 1380 304 1445 ὅτι
333 1379 445 1457 οὐδεὶς
473 1378 516 1445 ἂν
543 1381 625 1445 κατὰ
652 1389 752 1445 τοῦτο
781 1382 922 1464 γενητὸν
949 1378 1035 1447 εἶναι
1058 1383 1119 1448 τὸν

98 1487 230 1569 κόσμον
254 1487 420 1553 ὑπόθοιτο
444 1488 489 1565 ὡς
512 1488 569 1552 διὰ
592 1485 752 1570 γενέσεως
775 1488 823 1564 εἰς
845 1489 882 1552 τὸ
907 1483 992 1554 εἶναι
1014 1511 1118 1576 παρα-

99 1595 299 1676 γενόμενον·
326 1595 394 1678 ἅμα
421 1596 484 1679 γὰρ
514 1597 656 1679 νοήματι
679 1595 727 1671 εἰς
750 1593 911 1659 οὐσίοισιν
934 1594 951 1659 ὁ
974 1596 1056 1673 θεὸς
1078 1596 1119 1661 τὰ

98 1698 211 1764 πάντα
237 1703 438 1785 παρήγαγεν.
485 1702 569 1767 ὥστε
597 1696 699 1766 οὐδὲν
726 1701 849 1765 τούτου
876 1709 937 1765 τοῦ
960 1719 1117 1785 σημαινο-
1132 1727 1159 1768 ιο

99 1805 207 1890 μένου
231 1808 280 1884 εἰς
302 1805 450 1884 ἐξέτασιν
472 1816 529 1891 τῆς
549 1807 732 1883 Πλάτωνος
751 1807 903 1883 διανοίας
921 1807 1118 1891 δεησόμεθα.

101 1909 161 1977 ἐπὶ
186 1921 289 1977 πᾶσιν
316 1913 458 1997 γενητὸν
483 1911 646 1996 λέγεσθαί
671 1931 776 1997 φησιν
799 1911 817 1978 ὁ
842 1914 1041 1999 Πορφύριος
1062 1912 1119 1979 καὶ

98 2019 142 2083 τὸ
171 2029 274 2085 πᾶσιν
303 2021 474 2105 γνώριμον
507 2042 543 2084 τε
578 2016 634 2083 καὶ
667 2019 946 2104 καθωμιλημένον
982 2021 1020 2085 τὸ
1053 2020 1118 2086 ἀπὸ

100 2127 228 2210 χρόνον
252 2126 358 2212 ἀρχὴν
379 2135 441 2192 τοῦ
465 2122 551 2192 εἶναι
573 2126 681 2208 λαβὸν
697 2129 862 2213 πρότερον
880 2126 943 2192 οὐκ
961 2128 1012 2211 ὄν,
1030 2128 1118 2192 καθό

99 2250 208 2317 φησιν
237 2233 281 2317 μὴ
312 2232 470 2317 λέγεσθαι
499 2233 566 2298 ὑπὸ
595 2233 777 2311 Πλάτωνος
807 2234 949 2317 γενητὸν
976 2235 1036 2298 τὸν
1063 2235 1117 2298 κό-
1132 2257 1159 2299 ιε

100 2359 198 2423 σμον.
227 2337 231 2425 Ι
259 2340 343 2405 ὥστε
370 2343 516 2405 λείπεται
544 2342 584 2405 τὰ
612 2342 711 2404 λοιπὰ
733 2339 875 2425 τέσσαρα
897 2342 1054 2423 σημαινό-
1073 2356 1113 2398 ¹01.
1121 2356 1172 2398 ειν.

101 2467 199 2531 μενα,
221 2444 306 2529 λέγω
331 2447 371 2529 δη
391 2449 429 2511 τό
452 2470 488 2512 τε
511 2445 549 2512 ἐν
571 2453 617 2534 τῷ
641 2444 730 2528 γένει
753 2456 821 2510 τῶν
843 2457 992 2530 γενητῶν
1014 2449 1065 2531 ὄν,
1089 2448 1119 2513 εί

100 2549 161 2617 καὶ
191 2554 236 2636 μη
267 2551 421 2637 γέγονεν,
453 2552 509 2619 καὶ
538 2553 576 2617 τὸ
607 2553 652 2630 ὡς
682 2553 850 2618 σύνθετον
880 2550 912 2631 ἐξ
946 2554 1029 2638 ὕλης
1063 2551 1119 2618 καὶ

99 2659 217 2736 εἴδους
239 2661 391 2744 γενητόν,
414 2653 442 2748 ᾦ
464 2660 606 2743 μάλιστα
629 2657 647 2724 ὁ
671 2660 872 2745 Πορφύριος
894 2662 1040 2741 τίθεται,
1062 2657 1119 2725 καὶ

98 2765 141 2830 τὸ
169 2764 208 2829 ἐν
230 2773 276 2853 τῷ
299 2769 455 2849 γίνεσθαι
478 2767 515 2831 τὸ
539 2761 625 2831 εἶναι
655 2769 733 2850 ἔχον
760 2764 815 2830 καὶ
842 2767 880 2831 τὸ
908 2763 979 2830 κατ’
1007 2768 1159 2833 αἰτίαν»

102 2875 255 2956 γενητόν.
302 2873 435 2938 δίκαιον
462 2867 526 2938 οὖν
549 2868 640 2956 οἶμαι
664 2872 702 2936 ἓν
724 2871 864 2937 ἕκαστον
886 2872 1015 2936 τούτων
1037 2893 1118 2958 προ-

101 2980 338 3064 χειρισάμενον
361 2978 524 3064 ἐξετάσαι,
552 2981 581 3044 εἰ
605 2971 680 3044 οἷόν
701 2976 740 3042 τέ
760 2978 851 3044 ἐστιν
872 2987 912 3064 τῇ
936 2979 1119 3057 Πλάτωνος

99 3085 239 3171 διανοίᾳ
268 3087 453 3169 σύμφωνον
483 3089 679 3169 φαίνεσθαι·
708 3085 838 3150 τούτων
867 3087 931 3170 γὰρ
961 3085 1118 3152 ἁπάντων

99 3191 333 3275 ἐληλεγμένων
359 3196 506 3257 λείπεται
533 3193 615 3256 κατὰ
637 3194 762 3277 χρόνον
785 3192 926 3275 γενητὸν
949 3187 1034 3257 εἶναι
1058 3193 1118 3258 τὸν

98 3299 231 3380 κόσμον
258 3298 324 3364 ὑπὸ
356 3307 416 3363 τοῦ
445 3298 627 3375 Πλάτωνος
657 3298 830 3383 λέγεσθαι,
858 3297 922 3364 κᾶν
949 3296 1046 3364 αὐτοὶ
1072 3299 1116 3382 μὴ
1130 3320 1160 3364 ιο

99 3405 304 3488 βούλωνται.

170 3509 219 3576 θ’.
239 3509 285 3574 Ἡ
303 3508 366 3596 μὲν
385 3505 449 3577 οὖν
464 3511 578 3597 πρώτη
597 3519 657 3576 τοῦ
676 3520 818 3595 γενητοῦ
836 3512 1000 3589 ὑπόθεσις
1017 3508 1117 3598 (λέγω

175 3815 198 3863 1.
218 3810 306 3880 ιιμι
320 3809 347 3881 μ
360 3809 415 3864 litt.
431 3810 483 3881 ειη
502 3811 539 3874 ις
557 3771 657 3876 musfa,
677 3810 692 3865 ε
712 3828 740 3864 m
760 3816 784 3880 ι,
803 3809 833 3864 ιι
922 3817 947 3865 ι.
972 3810 1007 3867 ef.
1032 3809 1119 3865 Arist„

96 3881 217 3935 meteor.
238 3885 282 3934 139
356 3886 398 3935 17.
417 3882 528 4007 reneis,
547 3897 581 3936 ex
599 3903 626 3952 η,
644 3881 674 3935 Μ
747 3887 789 3936 21.
808 3881 896 3954 Μῦν,
915 3897 948 3936 ex
966 3903 993 3951 α,
1012 3881 1042 3935 Μ
1106 3900 1112 3910 “

97 3956 145 4006 22.
165 3950 190 4005 ἐι
209 3967 346 4022 superscr.
366 3970 394 4006 m
414 3961 427 4007 1
