2394 4208
76 560 116 615 IX
133 567 173 616 16.
191 563 236 634 17]
353 560 402 615 ΒΕ
421 560 679 618 ΑΕΤΕΒΝΙΤΑΤΕ
697 561 818 617 MVNDI
1024 561 1088 626 377

77 747 190 806 γηται,
216 721 247 800 έξ
272 723 335 788 ούκ
358 726 456 801 ὄντος
477 748 512 789 τε
536 728 584 803 εἰς
605 725 643 790 τὸ
668 720 753 790 εἶναι
776 729 950 812 παρῆλθεν
968 723 1024 790 καὶ
1043 726 1091 801 είς

81 832 118 894 τὸ
147 831 190 914 μὴ
220 829 261 894 δν
287 830 389 895 πάλιν
410 841 468 915 τῆς
491 830 681 920 συνθέσεως
704 830 925 916 διαλυομένης
946 830 1090 896 ιἰτιόλλυ-

76 961 147 1018 ται,
172 933 273 1002 οὐδὲν
296 939 361 1023 ίίρα
383 947 450 1002 τῶν
473 937 659 1022 γινομένων
682 936 714 1015 έξ
739 941 835 1015 ὄντος
858 942 985 1021 γίνεται
1009 934 1089 1003 οὐδὲ

77 1046 254 1129 φθείρεται
277 1044 379 1108 πάλιν
401 1045 449 1121 είς
471 1046 521 1126 ὄν,
545 1043 615 1109 ἀλλ’
634 1043 670 1110 ἐκ
693 1053 754 1110 τοῦ
776 1045 820 1129 μὴ
844 1045 979 1128 ὄντοςὴ
999 1045 1089 1128 γένε-

77 1168 130 1227 σις
159 1148 214 1215 καὶ
243 1150 263 1233 ἡ
295 1152 411 1236 φθορὰ
439 1152 570 1229 πάντως
601 1154 649 1229 εἰς
680 1153 717 1216 τὸ
749 1153 793 1235 μὴ
827 1152 868 1216 ὅν
900 1150 990 1217 ἐστιν
1022 1162 1089 1215 τῶν
1116 1176 1129 1216 ε

78 1255 316 1343 φθειρομένων
337 1258 358 1342 ἡ
382 1257 549 1336 ἀνάλυσις.

146 1362 202 1442 ζί.
232 1362 308 1429 ‘Pub
332 1367 461 1431 τούτων
483 1361 571 1443 τινές
593 1375 660 1430 τῶν
684 1367 794 1448 λόγων
816 1367 1007 1449 πιεζόμενοί
1026 1389 1089 1448 φα-

79 1489 146 1553 σιν,
175 1471 221 1547 ὡς
248 1471 325 1536 οὔτε
353 1471 435 1556 ύλης
463 1471 553 1537 ἐστὶν
579 1472 599 1556 ἡ
628 1470 756 1555 γένεσις
784 1472 860 1536 οότε
887 1480 947 1536 τοῦ
978 1472 1090 1548 είδους

77 1576 162 1640 ἀλλὰ
190 1586 251 1642 τοῦ
279 1575 311 1654 ἐξ
340 1577 468 1662 ἀμφοῖν
496 1576 681 1663 συνθέτου,
709 1579 832 1643 τούτου
860 1575 897 1643 δὲ
925 1573 1011 1643 εἶναι
1033 1576 1089 1642 καλ

77 1684 140 1766 τὴν
163 1684 313 1769 φθοράν·
351 1689 504 1767 γίνεσθαι
527 1686 591 1771 γιίρ
615 1703 719 1768 φασιν
742 1685 910 1750 σύνθετον
933 1682 964 1761 ἐξ
988 1683 1088 1749 ἆσυν-
1104 1708 1130 1746 10

76 1789 196 1855 θέτου·
233 1791 262 1854 εἰ
290 1791 354 1876 γὰρ
382 1791 418 1855 τὸ
447 1793 626 1875 γινόμενόν
649 1789 739 1856 ἐστιν
762 1791 941 1876 ύνθρωτιος
963 1788 984 1873 ἢ
1007 1792 1090 1872 βοῦς

76 1895 98 1980 ἢ
128 1895 221 1961 ἐλαία
249 1899 270 1980 ἧ
297 1920 329 1961 τι
357 1908 424 1961 τῶν
450 1901 698 1983 παραπλησίων,
728 1898 857 1962 τούτων
886 1893 924 1961 δὲ
951 1894 1089 1962 ἕκαστον

78 2001 112 2080 ἐξ
144 2003 184 2068 οὐ
216 2002 383 2070 συνθέτου
414 2005 580 2070 σύνθετον
610 2003 759 2088 γε’γονεν,
791 2004 896 2087 δῆλον
927 2004 1005 2088 δρα,
1038 2002 1088 2066 ὄτι

77 2118 139 2174 τοῦ
168 2108 336 2175 συνθέτου
364 2109 454 2176 ε’στλν
481 2111 501 2195 ἡ
530 2109 671 2194 γένεσις·
709 2112 856 2176 σύνθετα
883 2111 946 2196 γὰρ
972 2106 1090 2173 καὶτὰ

77 2217 169 2299 φυτὰ
196 2213 251 2280 καὶ
280 2217 320 2280 τα
347 2220 413 2303 ζῷα
439 2215 494 2280 καὶ
517 2227 585 2281 τῶν
608 2215 794 2300 γινομένων
817 2214 966 2298 ἕκαστον,
989 2215 1029 2278 τὰ
1052 2211 1088 2279 δὲ
1104 2238 1129 2279 ιε

77 2323 226 2388 σύνθετα
258 2319 290 2398 ἐξ
323 2321 542 2406 ὑποκειμένης
573 2333 631 2407 τῆς
667 2323 749 2407 ὕλης
786 2326 913 2406 γίνεται
949 2320 1004 2386 καλ
1041 2324 1089 2398 εἰς

76 2427 183 2511 αύτην
209 2429 311 2493 πάλιν
339 2430 478 2512 ἔσχατον
503 2427 694 2494 ἀναλύεται·
731 2429 814 2493 ὥστε
837 2427 892 2492 καὶ
915 2426 936 2511 ἡ
959 2427 1089 2510 γένεσις

76 2532 111 2611 ἐξ
135 2536 232 2612 ὄντος
254 2532 309 2598 καλ
332 2533 352 2617 ἡ
377 2535 493 2620 φθορὰ
514 2535 616 2598 πάλιν
639 2536 687 2612 είς
710 2537 759 2600 ὄν.
805 2531 875 2599 ἐπεὶ
899 2530 945 2616 δ’,
973 2535 1016 2598 ἄν
1038 2558 1088 2610 τις

76 2638 133 2705 καὶ
156 2641 239 2726 πρὸς
262 2641 394 2717 τούτοις
417 2641 462 2717 ὡς
483 2641 625 2724 μάλιστα
647 2640 753 2725 μένει,
778 2639 956 2722 δέδεικται,
976 2639 1026 2704 ὅτι
1046 2641 1087 2705 οὐ

75 2744 156 2811 καθ’
177 2746 258 2810 ὅλον
281 2746 362 2812 αὐτὸ
385 2748 423 2811 τὸ
447 2748 614 2813 σύνθετον
637 2747 673 2812 ἐκ
695 2756 756 2812 τοῦ
779 2749 822 2831 μὴ
850 2749 947 2823 ὄντος
974 2747 1022 2823 είς
1048 2748 1086 2811 τὸ
1101 2772 1128 2811 ιο

76 2851 119 2916 ὄν
149 2854 360 2937 μεταβάλλει,
393 2854 473 2940 ὅπερ
507 2852 598 2919 ἐστὶν
630 2852 773 2938 γένεσις,
806 2850 878 2918 οὐδ’
911 2847 954 2917 αὖ
986 2853 1088 2918 πάλιν

75 2957 154 3023 καθ’
177 2960 259 3024 ὅλον
281 2959 362 3024 αὐτὸ
387 2958 423 3025 έκ
445 2969 506 3025 τοῦ
530 2961 627 3037 ὄντος
650 2961 697 3037 εἰς
720 2961 758 3024 τὸ
776 2961 820 3045 μὴ
840 2959 881 3024 δν
899 2958 1087 3042 ἀναλύεται,

75 3065 158 3151 ὅπερ
182 3065 273 3131 ἐστὶν
296 3068 427 3152 φθορά,
451 3067 513 3132 ούκ
535 3065 578 3131 ἂν
600 3060 621 3152 ᾗ
645 3071 768 3152 κυρίως
790 3075 850 3132 τοῦ
875 3064 1043 3131 συνθέτου
1065 3066 1086 3149 ἡ

76 3171 218 3255 γένεσις·
256 3173 285 3238 ελ
315 3174 378 3257 γὰρ
409 3171 464 3238 καὶ
493 3173 532 3237 τὸ
563 3174 731 3238 σύνθετον
760 3171 890 3256 λέγοιτο
921 3176 1086 3256 γίνεσθαι,

75 3278 141 3343 ἀπὸ
171 3279 294 3365 μέρους
323 3288 383 3344 τοῦ
415 3280 539 3356 παντὸς
565 3289 795 3366 κατηγορεῖται
821 3278 842 3362 ἡ
870 3277 1014 3362 γένεσις,
1042 3280 1086 3355 ὡς
1101 3303 1127 3344 τε

75 3385 132 3449 καὶ
159 3386 219 3450 τὸν
245 3387 428 3471 ἄνθρωπον
451 3384 514 3450 ἀπὸ
538 3384 660 3471 μέρους
683 3394 743 3450 τοῦ
767 3387 917 3469 σώματος
939 3386 1086 3468 βαδίζειν

76 3491 225 3576 λέγομεν.
272 3492 301 3556 ελ
334 3491 374 3556 δέ
402 3514 452 3568 τις
484 3489 538 3556 καλ
572 3494 796 3576 συγχωρήσειε
828 3500 887 3556 τοῦ
918 3491 1085 3557 συνθέτου

75 3593 163 3663 εἶναι
190 3599 252 3681 τὴν
279 3597 421 3680 γένεσιν,
449 3598 536 3662 διότι
559 3597 671 3674 ἁπλῶς
694 3599 855 3684 σύνθεσίς
876 3622 927 3676 τις
949 3602 1086 3682 γίνεται,

149 3796 172 3845 6.
193 3790 424 3861 φθειρομενμολν,
443 3805 476 3844 ex
496 3810 537 3858 ον,
556 3789 587 3843 Μ
694 3794 717 3844 7.
737 3789 766 3843 M
784 3808 814 3843 m
833 3797 849 3844 1
868 3791 908 3844 ωδ
929 3794 1097 3856 mmm»

74 3865 133 3916 not.
154 3878 256 3931 marg:
274 3863 495 3930 ανακραζομενοι
587 3867 613 3920 8.
632 3871 682 3936 τῆς
697 3859 766 3935 ὕλης
778 3865 817 3935 φλ,
902 3867 954 3916 ιθ.
970 3854 1119 3928 ww&

139 3936 175 3982 18
186 3948 225 3997 sq.
245 3930 316 3985 baec
336 3931 381 3985 vix
399 3950 471 3989 sana
