2394 4208
71 541 137 597 vm
151 543 180 615 ι]
341 542 390 596 DE
408 543 665 598 ιοεοοαιτιοο
684 542 806 599 mmm
1018 543 1084 608 305

70 704 177 789 με’νον
204 712 269 789 είη,
297 704 488 788 ἀποβάλλον
515 703 577 790 μὲν
603 707 641 770 τὸ
668 709 831 793 πρότερον
854 702 958 790 εἶδος,
985 708 1022 771 τὸ
1046 703 1084 772 δὲ

74 814 165 877 ῐδιον
182 813 402 895 ὑποκείμενον
420 813 506 895 ὕλην
524 820 569 900 τῷ
588 811 755 900 γενομένῳ
774 815 886 900 κόσμῳ
905 821 1084 898 χορηγοῦν,

72 919 151 982 οὔτε
173 919 256 982 κατὰ
278 919 315 982 τὸ
337 919 558 1002 ὑποκείμενον
580 919 700 983 λοιπὸν
722 926 768 1006 τῷ
791 920 948 985 συστάντι
971 920 1082 1007 κόσμῳ

74 1023 165 1089 ἐστὶν
193 1023 370 1107 ἀλλότριον
398 1022 552 1110 (οὐδενὸς
578 1027 641 1110 γὰρ
669 1025 689 1107 ἡ
719 1025 788 1090 ἰδία
810 1025 872 1109 ὕλη
897 1025 1083 1111 ἀλλότριον,

74 1129 108 1207 ἐξ
136 1126 176 1213 ης
201 1131 238 1193 τὸ
263 1124 349 1194 εἶναι
373 1128 453 1216 ἔχει)
482 1131 559 1195 οὔτε
581 1133 663 1195 κατὰ
686 1132 723 1196 τὸ
747 1134 911 1216 πρότερον
934 1126 1024 1208 είδος
1046 1132 1083 1196 τὸ
1112 1155 1125 1195 ι

72 1237 137 1320 ἤδη
167 1231 301 1320 φθαρδν
328 1234 383 1300 καὶ
411 1237 458 1313 είς
485 1238 522 1301 τὸ
550 1239 593 1320 μὴ
618 1235 659 1301 ὃν
682 1236 859 1303 ἀναλῦσαν.
905 1229 980 1302 οἷον
1002 1240 1083 1304 ἔστω

74 1367 124 1419 τις
152 1347 293 1427 χαλκοῦς
321 1343 420 1419 ἵππος
447 1341 502 1407 καὶ
530 1338 628 1419 οὗτος
655 1342 919 1428 μεταχωνευθελς
947 1344 1085 1429 ἀνδριάς

74 1448 238 1532 γενέσθω·
270 1449 308 1512 τὸ
335 1444 398 1532 μὲν
420 1444 483 1514 οὖν
506 1458 565 1514 τοῦ
589 1449 693 1513 ἵππον
717 1444 806 1526 εἶδος
829 1449 1005 1534 ἀλλότριον
1027 1452 1086 1534 δη-

73 1561 206 1621 πονθεν
229 1562 275 1641 τῳ
298 1552 368 1618 κατ’
392 1553 543 1619 ἐπίνοιαν
565 1554 775 1642 γενησομένῳ
799 1554 986 1641 ἀνδριάντι,
1010 1553 1080 1620 ἀλλ’

76 1660 210 1725 ἐπειδὰν
233 1659 416 1745 χωνευθελς
439 1661 456 1726 ὁ
480 1663 580 1739 ἵππος
603 1661 740 1747 άνδριάς
763 1660 896 1744 γένηται
915 1663 962 1739 εἰς
983 1663 1020 1726 τὸ
1040 1664 1083 1746 μὴ
1100 1686 1125 1726 ιο

74 1767 116 1831 ὃν
144 1775 203 1830 τοῦ
233 1767 365 1832 ἱππείου
394 1768 584 1853 φθαρέντος
611 1771 789 1852 σχήματος,
821 1766 927 1833 οὐκέτ’
960 1766 1002 1832 ἀν
1034 1774 1083 1851 εἴη

74 1881 120 1960 τῳ
149 1872 316 1960 γενομένῳ
344 1875 381 1938 τὸ
409 1875 453 1957 μὴ
481 1873 523 1939 δν
549 1873 737 1959 ἀλλότριον·
775 1871 845 1938 ἀλλ’
874 1870 953 1938 οὐδὲ
980 1873 1000 1957 ἡ
1024 1881 1084 1938 τοῦ

74 1980 178 2044 ἵππου
206 1979 269 2061 ὕλη
294 1977 312 2043 ὁ
336 1979 457 2063 χαλκὸς
482 1980 704 2063 ὑποκείμενον
726 1988 771 2067 τῷ
795 1980 967 2063 ἀνδριάντι
991 1981 1085 2063 γενό-

73 2109 173 2169 μενος
206 2084 379 2169 ἀλλότριος
412 2085 501 2150 ἐστιν
533 2085 652 2167 αὐτοῦ,
686 2096 850 2170 στοιχεῖον
881 2082 919 2150 δὲ
947 2089 1084 2168 μᾶλλον.

73 2194 181 2269 οὕτως
211 2186 273 2256 οὖν
305 2196 375 2275 καί,
408 2197 442 2256 εί
469 2215 499 2256 τι
529 2195 692 2278 πρότερον
719 2188 762 2275 ην
790 2191 1004 2279 ελλδοπεποιη-
1028 2207 1145 2249 ῑοῑιεντ.4

74 2299 186 2383 μένον,
215 2295 247 2374 ἐξ
276 2291 316 2361 οὗ
344 2299 607 2381 μεταβάλλοντος
640 2298 658 2364 δ
686 2301 807 2382 κόσμος
839 2298 990 2382 γέγονεν,
1024 2297 1086 2363 οὐκ
1100 2323 1126 2363 ιο

73 2405 117 2469 ἀν
140 2408 188 2469 ἔτι
212 2405 248 2467 τὸ
274 2400 408 2488 φθαρλν
430 2403 485 2469 καλ
508 2403 620 2488 μηκέτι
644 2402 684 2467 ὂν
708 2398 797 2480 εἶδος
818 2413 876 2468 τοῦ
894 2403 1085 2487 ὑφεστῶτος

76 2515 203 2595 κόσμου
232 2509 409 2594 ἀλλότριον
436 2507 556 2593 λέγοιτ’
579 2511 633 2574 ἀν’
666 2510 702 2574 τὸ
726 2512 789 2593 γὰρ
813 2511 875 2594 ἤδη
899 2512 942 2593 μη
967 2509 1007 2574 ἀν
1030 2508 1085 2575 καλ

74 2613 177 2682 οὐδὲν
204 2628 273 2693 πῶς
300 2614 343 2680 ἀν
369 2615 389 2699 ἢ
418 2614 478 2693 ἐξω
506 2617 596 2691 τινὸς
624 2611 709 2680 εἶναι
738 2613 857 2698 λέγοιτ’
880 2613 923 2680 ἀν
944 2614 964 2698 ἢ
989 2615 1084 2681 ἀλλό-

74 2747 184 2810 τριον;
213 2725 250 2787 τὸ
274 2724 338 2808 γάρ
362 2721 422 2799 ἔξω
445 2723 536 2798 τινὸς
559 2721 599 2785 δν
621 2720 641 2804 ἢ
666 2720 841 2808 ἀλλότριον
864 2721 967 2786 αὐτοῦ
987 2724 1083 2798 ὄντος
1099 2748 1125 2787 ιο

76 2832 231 2914 δηλονότι
255 2828 309 2892 καλ
334 2828 374 2892 δν
398 2829 478 2893 αὐτὸ
502 2826 562 2905 ἐξω
585 2826 623 2891 ιε’
644 2827 733 2892 ἐστιν
755 2826 811 2892 καλ
834 2827 1017 2914 ἀλλότριον.
1056 2830 1085 2894 ελ

75 2934 112 3001 δὲ
137 2936 290 3001 ἀνείδεον
313 2941 363 3018 είη
387 2934 442 3000 καὶ
464 2936 527 3018 ὕλη
551 2936 604 3018 τό,
628 2932 661 3011 ἐξ
685 2929 726 2999 οὗ
749 2933 887 3017 γέγονεν
911 2934 929 2999 ὁ
952 2937 1085 3018 κόσμος,

74 3044 192 3126 ἥκιστα
210 3040 252 3106 ἀν
270 3046 398 3125 μᾶλλον
416 3045 548 3127 λεχθείη
568 3050 628 3106 τοῦ
647 3042 773 3124 κόσμον
792 3040 969 3125 ἀλλότριον
986 3040 1086 3127 μέρος

75 3149 180 3214 αὐτοῦ
203 3148 354 3233 ὑπάρχον
372 3148 391 3231 ἢ
412 3157 584 3233 στοιχεῖον.
622 3143 696 3212 ὅδὲ
717 3147 859 3211 Πλάτων
876 3143 981 3230 μηδὲν
1000 3142 1086 3212 εἶναι

73 3255 181 3338 λέγων
204 3263 264 3318 τοῦ
287 3256 410 3330 παντὸς
433 3251 492 3330 ἔξω
515 3250 599 3337 μηδὲ
617 3253 793 3336 ἀλλότριον
813 3254 848 3316 τὸ
867 3249 972 3335 μηδὲν
991 3264 1084 3337 σῶμα
1098 3276 1124 3318 ιι

73 3361 178 3426 αὐτοῦ
208 3360 333 3436 ἔξωθεν
361 3359 605 3443 ἀπολελεῖφθαί
630 3376 742 3444 φησιν.
787 3369 857 3436 πῶς
885 3355 923 3424 δέ
945 3357 1000 3423 καὶ
1024 3358 1085 3423 οὐκ

75 3468 221 3532 αὐτόθεν
245 3468 366 3549 εὔηθες
388 3467 425 3530 τὸ
450 3466 569 3548 λέγειν,
592 3467 650 3547 ὡς,
682 3466 711 3530 εἰ
735 3463 767 3541 ἐξ
792 3464 969 3548 ἀλλοτρίου
993 3467 1085 3541 τινὸς

115 3669 120 3682 ,
147 3630 169 3677 1.
189 3622 334 3693 ἀποβαλδν
351 3624 383 3691 pt
459 3629 483 3675 2.
503 3642 647 3692 χοιρηγουν
665 3621 694 3674 Μ
772 3627 794 3674 7,
815 3622 958 3692 χλαῙλκους
977 3621 1005 3673 Μ

74 3694 268 3765 [ανδριαΙςΜ
340 3700 364 3747 9.
383 3699 421 3747 τῶ
435 3695 478 3764 μί]
497 3713 528 3746 το
547 3693 576 3746 Μ
648 3692 857 3763 γενησλολμενω,
876 3709 909 3746 ex
928 3712 960 3757 ω,
979 3692 1007 3743 Μ

75 3772 117 3819 10.
142 3767 243 3819 επιδαν
270 3764 299 3817 Μ
318 3766 365 3831 (cr.
381 3749 425 3888 ῳλγ
534 3770 574 3817 13.
598 3765 724 3833 χαλκολς]
746 3762 1013 3832 ὕποκειμενοηνλλδ

75 3844 116 3890 15.
138 3843 178 3889 16.
199 3837 270 3905 εηὸο
289 3835 409 3906 &asylo
445 3835 762 3910 λαθελδοπεποιημενον
780 3835 816 3891 λλ
912 3838 963 3887 οἳ).
982 3831 1110 3899 μεταρσ-

63 3907 163 3965 λάντος
175 3908 212 3971 pt
300 3911 341 3959 19.
361 3907 476 3978 [ει]ναι,
498 3927 532 3966 ex
552 3913 583 3983 λ,
601 3910 634 3968 Μ
730 3916 778 3969 25.
797 3919 850 3967 τοῦ
869 3908 926 3980 ‘Q
939 3900 1051 3966 ποςδδ.

107 4000 216 4039 Ioum
229 4002 391 4046 Pmoroxus
408 4009 444 4050 ed.
461 4011 554 4058 Rabe.
934 3999 977 4050 ‘m
