2394 4208
813 40 860 85 ’ί

6 39 828 337 -

76 520 134 577 v11
149 521 179 595 ο]
344 520 393 577 nn
411 521 669 577 κοοοοοωιοο
686 520 807 577 mum
1019 522 1083 587 σοι

75 712 141 767 νας
164 685 221 753 καί
249 685 365 763 ἀιδίως
392 696 499 751 κινεῖν
525 686 562 750 τὸ
585 695 679 770 σῶμα
700 686 763 769 τὴν
784 687 904 770 ψυχήν.
949 685 1085 770 οὐκοῦν,

79 796 110 861 εί
137 795 175 860 τὸ
201 801 324 859 κινοῦν
346 792 463 869 ἀιδίως
484 803 584 877 κινεῖ,
607 790 662 857 καί
686 792 722 858 τὸ
746 794 948 877 κινούμενον
970 791 1086 870 ἀιδίως

78 910 220 966 κινεῖται
248 897 303 964 καὶ
330 899 350 983 ἡ
378 902 508 983 κίνησις
534 898 643 976 ἀίδιος
671 901 761 964 ἔσται
789 900 866 963 οὔτε
893 897 998 984 ἀρχὴν
1024 906 1085 963 τοῦ

80 1003 273 1074 εἷναιοότε
299 1004 394 1084 τέλος
417 1008 546 1091 ἔχουσα.
592 1003 776 1088 σιωπητέον
798 999 871 1089 οὖν,
895 1011 930 1070 εί
947 1028 997 1083 τις
1018 1016 1086 1070 τῶν

81 1110 367 1200 ἀπρριθμημένων
393 1115 557 1197 κινήσεων
585 1110 693 1188 ἀίδιός
717 1111 721 1194 1
747 1110 848 1175 ἐστιν·
882 1113 911 1175 εί
943 1113 1005 1195 γὰρ
1024 1128 1138 1172 ωιτοον.

79 1220 223 1305 μηδεμία
246 1224 296 1301 εἴη
321 1217 443 1302 ἀίδιος,
471 1214 610 1282 οὐδὲτὸ
634 1218 835 1300 κινούμενον
857 1217 972 1295 ἀιδίως
995 1241 1086 1302 κινη-
1113 1245 1125 1285 ο

78 1327 220 1410 θήσεται
252 1324 330 1390 οὔτε
362 1325 382 1408 ἡ
415 1333 555 1391 κινοῦσα
586 1325 674 1408 ψυχὴ
708 1323 823 1401 ἀιδίως
852 1327 988 1408 κινήσει.
1034 1325 1086 1390 ὄτι

78 1428 141 1517 μὲν
171 1426 235 1497 οὖν
264 1432 342 1496 οὔτε
371 1430 500 1514 γένεσις
529 1432 606 1496 οὔτε
634 1432 750 1516 φθορὰ
778 1430 917 1514 οὐδεμία
944 1432 1087 1517 ἀναρχός

79 1537 172 1604 ἐστιν
194 1536 250 1603 καὶ
273 1537 495 1622 ἀτελεύτητος,
512 1536 611 1602 παντὶ
631 1538 747 1622 δῆλον·
770 1538 888 1622 τὸγὰρ
908 1539 1087 1622 γινόμενον

79 1651 128 1723 είς
149 1669 182 1710 τι
205 1643 307 1730 πέρας
329 1646 367 1710 τὸ
391 1640 480 1721 εἶδος
501 1646 655 1727 παύεται,
684 1635 758 1709 οἷον
780 1643 800 1727 ἡ
824 1653 882 1727 τῆς
904 1645 1011 1721 οἰκίας
1033 1643 1086 1728 γέ·
1100 1671 1126 1710 ιο

78 1768 172 1828 νεσις
195 1750 300 1836 ἀρχὴν
323 1746 385 1835 μὲν
407 1753 472 1835 ἔχει
496 1753 557 1834 τὴν
579 1761 648 1815 τῶν
670 1746 846 1834 θεμελίων,
864 1748 965 1834 πέρας
988 1746 1025 1814 δέ
1047 1751 1084 1816 τὸ

78 1868 137 1942 τῆς
160 1859 268 1935 οἰκίας
290 1868 410 1942 σχῆμα·
443 1857 565 1941 ὁμοίως
587 1856 641 1921 καὶ
666 1855 719 1921 έπί
741 1866 808 1921 τῶν
831 1857 931 1940 φύσει
955 1855 1086 1940 γινομέ-

77 1987 148 2029 νων
171 1962 254 2049 ἀρχὴ
277 1961 339 2049 μὲν
361 1963 519 2048 γενέσεως
541 1963 561 2047 ἡ
585 1972 646 2027 τοῦ
669 1961 853 2048 σπέρματός
876 1961 967 2026 ἐστιν
989 1985 1086 2027 κατα·

78 2072 178 2154 βολή,
201 2069 303 2155 πέρας
325 2066 362 2135 δὲ
385 2070 405 2154 ἡ
429 2079 488 2134 τοῦ
513 2078 660 2153 φυσικοῦ
680 2070 791 2146 είδους
808 2072 989 2152 τελείωσις,
1012 2059 1087 2135 οἷον

79 2177 110 2241 εί
136 2178 232 2261 τύχοι
260 2185 320 2241 τοῦ
344 2176 571 2262 ἀνθρωπείου·
605 2176 727 2260 ὁμοίως
749 2172 787 2240 δὲ
809 2173 863 2240 καὶ
886 2175 923 2239 τὸ
947 2177 1087 2261 φθειρό-
1100 2201 1127 2244 ιο

78 2305 184 2367 μενον
202 2285 250 2359 είς
267 2281 369 2368 πέρας
387 2284 448 2366 τὴν
467 2280 622 2367 στέρησιν
639 2281 694 2347 καὶ
712 2283 749 2346 τὸ
773 2283 816 2366 μὴ
840 2280 881 2346 ὄν
902 2285 1086 2367 καταλήγει.

78 2388 134 2454 καί
162 2389 219 2454 ἵνα
248 2392 420 2473 συντόμως
448 2396 544 2471 είπω,
572 2391 600 2453 εἰ
628 2389 648 2472 ἡ
676 2388 805 2473 γένεσις
832 2387 910 2466 ὁδός
937 2387 1029 2455 ἐστιν
1051 2388 1087 2454 έκ

78 2506 140 2563 τοῦ
172 2498 217 2581 μὴ
250 2498 347 2573 ὄντος
377 2497 424 2573 εἰς
451 2497 488 2560 τὸ
517 2495 557 2560 ὄν
584 2494 639 2560 καί
665 2495 685 2579 ἡ
714 2496 831 2582 φθορά
859 2494 937 2572 ὁδὸς
964 2494 999 2560 έκ
1026 2506 1086 2562 τοῦ

79 2605 178 2680 ὄντος
196 2603 244 2679 είς
262 2604 301 2667 τὸ
320 2604 363 2686 μὴ
384 2603 435 2686 ὄν,
454 2601 621 2667 ἀδύνατόν
639 2601 730 2667 έστιν
752 2600 885 2685 γένεσιν
906 2600 926 2685 ἢ
951 2604 1088 2689 φθοράν

80 2711 228 2796 ἄναρχον
256 2705 342 2774 εἶναι
370 2707 425 2773 καὶ
454 2707 669 2791 ἀτελεύτητον
696 2706 941 2793 περατουμένας
964 2709 1029 2773 ὑπό
1052 2732 1087 2773 τε
1101 2734 1128 2774 κο

80 2825 140 2881 τοῦ
172 2817 269 2892 ὄντος
298 2812 354 2879 καὶ
383 2814 448 2880 ὑπὸ
479 2824 539 2879 τοῦ
572 2816 615 2898 μὴ
649 2815 753 2891 ὄντος.
800 2813 883 2879 ἀλλὰ
913 2815 980 2898 μὴν
1009 2812 1088 2881 οὐδὲ

80 2921 307 2988 ἀλλοιοῦσθαί
322 2944 353 2985 τι
373 2920 489 2997 ἀιδίως
508 2919 686 3005 ἐνδέχεται·
710 2924 801 2985 ἔστιν
820 2922 882 3007 γὰρ
901 2920 956 2986 καὶ
975 2923 1089 3000 στάσις

80 3027 136 3094 καὶ
160 3028 239 3113 ὄρος
262 3026 300 3093 έν
322 3037 393 3104 τοῖς
415 3028 605 3111 πράγμασιν
629 3024 684 3090 καὶ
708 3027 748 3091 οὐ
771 3024 848 3091 καθ’
873 3024 1089 3111 Ἡράκλειτον

79 3134 117 3200 έν
138 3137 269 3218 κινήσει
292 3136 333 3198 τὰ
355 3135 463 3198 πάντα
486 3133 589 3198 έστίν·
620 3134 721 3198 πάλιν
744 3134 806 3218 γάρ
830 3131 884 3197 καὶ
907 3132 927 3216 ἡ
952 3133 1088 3198 ἀλλοίω-

81 3244 133 3319 σις
155 3245 286 3324 κίνησις
310 3235 396 3305 οὖσα
418 3239 483 3305 ὑπὸ
508 3241 570 3304 δύο
594 3240 694 3305 εἰδῶν
716 3238 899 3324 περιέχεται
922 3248 982 3304 τοῦ
1001 3262 1036 3303 τε
1055 3237 1087 3316 ἐξ
1103 3265 1129 3307 το

79 3343 120 3413 οὗ
152 3347 208 3413 καί
237 3356 298 3411 τοῦ
329 3347 376 3423 είς
407 3346 439 3410 ὄ·
470 3336 545 3411 οἷον
573 3346 593 3430 ἡ
625 3347 799 3422 λεύκανσις
828 3345 906 3422 ὁδός
934 3344 1025 3411 έστιν
1052 3344 1088 3411 έκ

78 3452 221 3538 μέλανος
248 3451 300 3517 ἐπὶ
326 3454 363 3517 τὸ
388 3455 519 3534 λευκόν,
548 3451 598 3536 ἐφ’
627 3451 644 3516 ὃ
669 3454 850 3535 γενόμενον
873 3453 909 3515 τὸ
936 3451 1088 3516 ἀλλοιού-

78 3583 183 3644 μενον
205 3558 260 3623 καὶ
284 3555 472 3624 λευκανθέν
495 3560 622 3623 ἵσταται
646 3559 765 3624 λοιπὸν
788 3556 825 3622 ἐν
848 3559 963 3646 τούτῳ.
1005 3557 1089 3624 ἀλλά

150 3757 175 3806 6.
200 3752 347 3822 [μῙηδεμια
369 3751 398 3805 Μ
524 3757 564 3805 ll.
588 3750 650 3805 fort.
674 3748 812 3820 θεμελίων
839 3747 963 3825 (θέσιν)

81 3829 122 3878 18.
143 3828 184 3877 14.
204 3820 344 3891 καταβολή
358 3821 451 3896 KtoH]
465 3822 586 3897 μεταβολ
624 3821 654 3878 Μ
737 3829 783 3880 ὶό.
800 3828 848 3880 m.
870 3823 1112 3896 ιρόειοχοΧρενον,

72 3907 109 3942 ει
123 3910 156 3954 οι,
174 3891 211 3942 M
277 3897 317 3944 19.
340 3909 417 3949 εστιν
434 3913 576 3968 superscr.
705 3904 751 3958 25.
772 3896 909 3976 δοχοῌὶ

106 3982 215 4021 lwm
227 3985 392 4035 Pmotom
407 3995 443 4038 εδ.
460 3999 553 4048 Bm,
934 3993 971 4043 ss
