<?xml version="1.0" encoding="UTF-8"?>
<!DOCTYPE html PUBLIC "-//W3C//DTD XHTML 1.0 Transitional//EN"
    "http://www.w3.org/TR/xhtml1/DTD/xhtml1-transitional.dtd">
<html xmlns="http://www.w3.org/1999/xhtml" xml:lang="en" lang="en">
 <head>
  <title>
</title>
<meta http-equiv="Content-Type" content="text/html;charset=utf-8" />
  <meta name='ocr-system' content='tesseract 3.04.00' />
  <meta name='ocr-capabilities' content='ocr_page ocr_carea ocr_par ocr_line ocrx_word'/>
</head>
<body>
  <div class='ocr_page' id='page_1' title='image "./ioannesphilopon00philgoog_0378.png"; bbox 0 0 2394 4208; ppageno 0'>
   <div class='ocr_carea' id='block_1_1' title="bbox 64 557 1073 631">
    <p class='ocr_par' dir='ltr' id='par_1_1' title="bbox 64 557 1073 631">
     <span class='ocr_line' id='line_1_1' title="bbox 64 557 1073 631; baseline 0.016 -20"><span class='ocrx_word' id='word_1_1' title='bbox 64 557 105 611; x_wconf 84' lang='lat' dir='ltr'><strong><em>lx</em></strong></span> <span class='ocrx_word' id='word_1_2' title='bbox 120 559 166 631; x_wconf 90' lang='lat'><strong><em>11]</em></strong></span> <span class='ocrx_word' id='word_1_3' title='bbox 331 559 380 614; x_wconf 75' lang='lat' dir='ltr'><strong><em>DE</em></strong></span> <span class='ocrx_word' id='word_1_4' title='bbox 398 557 656 616; x_wconf 72' lang='grc' dir='ltr'><strong>ΑΕΤΕΒΝΙΤΑΤΕ</strong></span> <span class='ocrx_word' id='word_1_5' title='bbox 673 560 796 616; x_wconf 75' lang='lat' dir='ltr'><strong>MVNDI</strong></span> <span class='ocrx_word' id='word_1_6' title='bbox 1009 560 1073 627; x_wconf 84' lang='lat'><strong><em>361</em></strong></span> 
     </span>
    </p>
   </div>
   <div class='ocr_carea' id='block_1_2' title="bbox 64 719 1127 2830">
    <p class='ocr_par' dir='ltr' id='par_1_2' title="bbox 64 719 1127 2830">
     <span class='ocr_line' id='line_1_2' title="bbox 64 719 1076 809; baseline 0.004 -23"><span class='ocrx_word' id='word_1_7' title='bbox 64 719 128 806; x_wconf 76' lang='grc' dir='ltr'><strong><em>μὲν</em></strong></span> <span class='ocrx_word' id='word_1_8' title='bbox 159 723 196 786; x_wconf 90' lang='grc' dir='ltr'><strong><em>τὸ</em></strong></span> <span class='ocrx_word' id='word_1_9' title='bbox 229 724 394 808; x_wconf 79' lang='grc' dir='ltr'><strong><em>πρότερον</em></strong></span> <span class='ocrx_word' id='word_1_10' title='bbox 430 721 579 809; x_wconf 76' lang='grc' dir='ltr'><strong><em>ἐνεργείᾳ</em></strong></span> <span class='ocrx_word' id='word_1_11' title='bbox 613 725 736 789; x_wconf 80' lang='grc' dir='ltr'><strong><em>λευκὸν</em></strong></span> <span class='ocrx_word' id='word_1_12' title='bbox 771 735 865 809; x_wconf 80' lang='grc' dir='ltr'><strong><em>σῶμα</em></strong></span> <span class='ocrx_word' id='word_1_13' title='bbox 901 723 1076 808; x_wconf 89' lang='grc' dir='ltr'><strong><em>γεγονέναι</em></strong></span> 
     </span>
     <span class='ocr_line' id='line_1_3' title="bbox 65 827 1075 916; baseline 0.003 -23"><span class='ocrx_word' id='word_1_14' title='bbox 65 829 207 912; x_wconf 78' lang='grc' dir='ltr'><em>δυνάμει</em></span> <span class='ocrx_word' id='word_1_15' title='bbox 238 829 361 894; x_wconf 89' lang='grc' dir='ltr'><strong><em>λευκὸν</em></strong></span> <span class='ocrx_word' id='word_1_16' title='bbox 392 839 486 914; x_wconf 78' lang='grc' dir='ltr'><strong><em>σῶμα</em></strong></span> <span class='ocrx_word' id='word_1_17' title='bbox 517 827 642 914; x_wconf 72' lang='grc' dir='ltr'><strong><em>ἀληθὲς</em></strong></span> <span class='ocrx_word' id='word_1_18' title='bbox 673 832 794 915; x_wconf 73' lang='grc' dir='ltr'><strong><em>εἰπεῖν,</em></strong></span> <span class='ocrx_word' id='word_1_19' title='bbox 826 831 931 916; x_wconf 79' lang='grc' dir='ltr'><strong><em>αὐτὴν</em></strong></span> <span class='ocrx_word' id='word_1_20' title='bbox 961 829 1075 916; x_wconf 89' lang='grc' dir='ltr'><strong><em>μέντοι</em></strong></span> 
     </span>
     <span class='ocr_line' id='line_1_4' title="bbox 64 934 1076 1023; baseline 0.004 -24"><span class='ocrx_word' id='word_1_21' title='bbox 64 937 127 1018; x_wconf 85' lang='grc' dir='ltr'><strong><em>την</em></strong></span> <span class='ocrx_word' id='word_1_22' title='bbox 153 944 214 1000; x_wconf 91' lang='grc' dir='ltr'><strong><em>τοῦ</em></strong></span> <span class='ocrx_word' id='word_1_23' title='bbox 241 939 364 1001; x_wconf 79' lang='grc' dir='ltr'><strong><em>λευκοῦ</em></strong></span> <span class='ocrx_word' id='word_1_24' title='bbox 392 934 563 1022; x_wconf 88' lang='grc' dir='ltr'><strong><em>ἐνέργειάν</em></strong></span> <span class='ocrx_word' id='word_1_25' title='bbox 589 960 625 1003; x_wconf 87' lang='grc' dir='ltr'><strong><em>τε</em></strong></span> <span class='ocrx_word' id='word_1_26' title='bbox 651 936 707 1003; x_wconf 78' lang='grc' dir='ltr'><strong><em>καί</em></strong></span> <span class='ocrx_word' id='word_1_27' title='bbox 736 936 845 1022; x_wconf 90' lang='grc' dir='ltr'><strong><em>ἰδέαν,</em></strong></span> <span class='ocrx_word' id='word_1_28' title='bbox 873 934 912 1022; x_wconf 71' lang='grc' dir='ltr'><strong><em>ἧς</em></strong></span> <span class='ocrx_word' id='word_1_29' title='bbox 939 937 1076 1023; x_wconf 77' lang='grc' dir='ltr'><strong><em>μετέχον</em></strong></span> 
     </span>
     <span class='ocr_line' id='line_1_5' title="bbox 65 1038 1075 1129; baseline 0.002 -23"><span class='ocrx_word' id='word_1_30' title='bbox 65 1042 104 1106; x_wconf 94' lang='grc' dir='ltr'><strong><em>τὸ</em></strong></span> <span class='ocrx_word' id='word_1_31' title='bbox 132 1053 226 1125; x_wconf 83' lang='grc' dir='ltr'><strong><em>σῶμα</em></strong></span> <span class='ocrx_word' id='word_1_32' title='bbox 254 1041 404 1129; x_wconf 75' lang='grc' dir='ltr'><strong><em>ἐνεργείᾳ</em></strong></span> <span class='ocrx_word' id='word_1_33' title='bbox 431 1038 518 1108; x_wconf 85' lang='grc' dir='ltr'><strong><em>εἰναι</em></strong></span> <span class='ocrx_word' id='word_1_34' title='bbox 545 1045 667 1109; x_wconf 81' lang='grc' dir='ltr'><strong><em>λευκὸν</em></strong></span> <span class='ocrx_word' id='word_1_35' title='bbox 690 1043 835 1128; x_wconf 76' lang='grc' dir='ltr'><strong><em>ἐλέγετο,</em></strong></span> <span class='ocrx_word' id='word_1_36' title='bbox 863 1043 973 1109; x_wconf 86' lang='grc' dir='ltr'><strong><em>οὐκέτι</em></strong></span> <span class='ocrx_word' id='word_1_37' title='bbox 998 1044 1075 1128; x_wconf 85' lang='grc' dir='ltr'><strong><em>ἀλη-</em></strong></span> 
     </span>
     <span class='ocr_line' id='line_1_6' title="bbox 65 1145 1115 1235; baseline 0.006 -22"><span class='ocrx_word' id='word_1_38' title='bbox 65 1145 128 1225; x_wconf 75' lang='grc' dir='ltr'><strong><em>θὲς</em></strong></span> <span class='ocrx_word' id='word_1_39' title='bbox 150 1150 267 1233; x_wconf 78' lang='grc' dir='ltr'><strong><em>εἰπεῖν,</em></strong></span> <span class='ocrx_word' id='word_1_40' title='bbox 290 1149 342 1214; x_wconf 82' lang='grc' dir='ltr'><strong><em>ὅτι</em></strong></span> <span class='ocrx_word' id='word_1_41' title='bbox 361 1155 531 1235; x_wconf 76' lang='grc' dir='ltr'><strong><em>φθαρεῖσα</em></strong></span> <span class='ocrx_word' id='word_1_42' title='bbox 549 1145 619 1215; x_wconf 83' lang='grc' dir='ltr'><strong><em>εἶτα</em></strong></span> <span class='ocrx_word' id='word_1_43' title='bbox 637 1151 777 1235; x_wconf 93' lang='grc' dir='ltr'><strong><em>δυνάμει</em></strong></span> <span class='ocrx_word' id='word_1_44' title='bbox 797 1151 918 1215; x_wconf 89' lang='grc' dir='ltr'><strong><em>λευκὸν</em></strong></span> <span class='ocrx_word' id='word_1_45' title='bbox 936 1150 1075 1235; x_wconf 92' lang='grc' dir='ltr'><strong><em>γέγονεν</em></strong></span> <span class='ocrx_word' id='word_1_46' title='bbox 1101 1177 1115 1219; x_wconf 85' lang='grc' dir='ltr'><strong><em>ι</em></strong></span> 
     </span>
     <span class='ocr_line' id='line_1_7' title="bbox 65 1254 1075 1342; baseline 0.003 -22"><span class='ocrx_word' id='word_1_47' title='bbox 65 1256 85 1338; x_wconf 79' lang='grc' dir='ltr'><strong><em>η</em></strong></span> <span class='ocrx_word' id='word_1_48' title='bbox 111 1254 192 1338; x_wconf 84' lang='grc' dir='ltr'><strong><em>αὐτὴ</em></strong></span> <span class='ocrx_word' id='word_1_49' title='bbox 216 1256 236 1339; x_wconf 77' lang='grc' dir='ltr'>ἡ</span> <span class='ocrx_word' id='word_1_50' title='bbox 259 1264 320 1319; x_wconf 87' lang='grc' dir='ltr'><strong><em>τοῦ</em></strong></span> <span class='ocrx_word' id='word_1_51' title='bbox 347 1259 470 1322; x_wconf 80' lang='grc' dir='ltr'><strong><em>λευκοῦ</em></strong></span> <span class='ocrx_word' id='word_1_52' title='bbox 497 1257 668 1342; x_wconf 81' lang='grc' dir='ltr'><strong><em>χρώματος</em></strong></span> <span class='ocrx_word' id='word_1_53' title='bbox 694 1258 849 1341; x_wconf 83' lang='grc' dir='ltr'><strong><em>δύναμις·</em></strong></span> <span class='ocrx_word' id='word_1_54' title='bbox 885 1257 1075 1341; x_wconf 77' lang='grc' dir='ltr'><strong><em>φθαρέντος</em></strong></span> 
     </span>
     <span class='ocr_line' id='line_1_8' title="bbox 66 1362 1075 1447; baseline 0.004 -22"><span class='ocrx_word' id='word_1_55' title='bbox 66 1362 130 1447; x_wconf 83' lang='grc' dir='ltr'><strong><em>γάρ</em></strong></span> <span class='ocrx_word' id='word_1_56' title='bbox 162 1370 223 1426; x_wconf 91' lang='grc' dir='ltr'><strong><em>τοῦ</em></strong></span> <span class='ocrx_word' id='word_1_57' title='bbox 255 1366 378 1427; x_wconf 84' lang='grc' dir='ltr'><strong><em>λευκοῦ</em></strong></span> <span class='ocrx_word' id='word_1_58' title='bbox 410 1364 560 1446; x_wconf 79' lang='grc' dir='ltr'><strong><em>σώματος</em></strong></span> <span class='ocrx_word' id='word_1_59' title='bbox 590 1365 664 1446; x_wconf 76' lang='grc' dir='ltr'><strong><em>ἤτοι</em></strong></span> <span class='ocrx_word' id='word_1_60' title='bbox 695 1366 825 1446; x_wconf 79' lang='grc' dir='ltr'><strong><em>ἔμεινεν</em></strong></span> <span class='ocrx_word' id='word_1_61' title='bbox 854 1362 936 1446; x_wconf 84' lang='grc' dir='ltr'><strong><em>αὐτη</em></strong></span> <span class='ocrx_word' id='word_1_62' title='bbox 966 1363 986 1447; x_wconf 77' lang='grc' dir='ltr'><em>ἡ</em></span> <span class='ocrx_word' id='word_1_63' title='bbox 1014 1373 1075 1429; x_wconf 91' lang='grc' dir='ltr'><strong><em>τοῦ</em></strong></span> 
     </span>
     <span class='ocr_line' id='line_1_9' title="bbox 65 1463 1074 1558; baseline 0.002 -26"><span class='ocrx_word' id='word_1_64' title='bbox 65 1472 188 1532; x_wconf 87' lang='grc' dir='ltr'><strong><em>λευκοῦ</em></strong></span> <span class='ocrx_word' id='word_1_65' title='bbox 221 1467 371 1554; x_wconf 89' lang='grc' dir='ltr'><strong><em>ἐνέργεια</em></strong></span> <span class='ocrx_word' id='word_1_66' title='bbox 401 1467 457 1534; x_wconf 84' lang='grc' dir='ltr'><strong><em>καί</em></strong></span> <span class='ocrx_word' id='word_1_67' title='bbox 486 1470 523 1533; x_wconf 89' lang='grc' dir='ltr'><strong><em>τὸ</em></strong></span> <span class='ocrx_word' id='word_1_68' title='bbox 555 1463 645 1546; x_wconf 87' lang='grc' dir='ltr'><strong><em>εἶδος</em></strong></span> <span class='ocrx_word' id='word_1_69' title='bbox 675 1468 713 1534; x_wconf 91' lang='grc' dir='ltr'><strong><em>ἐν</em></strong></span> <span class='ocrx_word' id='word_1_70' title='bbox 741 1477 788 1556; x_wconf 75' lang='grc' dir='ltr'><strong><em>τῷ</em></strong></span> <span class='ocrx_word' id='word_1_71' title='bbox 818 1468 1025 1558; x_wconf 79' lang='grc' dir='ltr'><strong><em>ὑποκειμένῳ</em></strong></span> <span class='ocrx_word' id='word_1_72' title='bbox 1053 1469 1074 1553; x_wconf 80' lang='grc' dir='ltr'><strong><em>ἣ</em></strong></span> 
     </span>
     <span class='ocr_line' id='line_1_10' title="bbox 67 1569 1075 1661; baseline 0.002 -22"><span class='ocrx_word' id='word_1_73' title='bbox 67 1573 129 1639; x_wconf 86' lang='grc' dir='ltr'><strong><em>οὐκ</em></strong></span> <span class='ocrx_word' id='word_1_74' title='bbox 153 1578 291 1659; x_wconf 79' lang='grc' dir='ltr'><strong><em>ἔμεινεν.</em></strong></span> <span class='ocrx_word' id='word_1_75' title='bbox 337 1578 366 1642; x_wconf 90' lang='grc' dir='ltr'><strong><em>εἰ</em></strong></span> <span class='ocrx_word' id='word_1_76' title='bbox 389 1571 452 1659; x_wconf 73' lang='grc' dir='ltr'><strong><em>μὲν</em></strong></span> <span class='ocrx_word' id='word_1_77' title='bbox 474 1569 538 1640; x_wconf 85' lang='grc' dir='ltr'><strong><em>οὖν</em></strong></span> <span class='ocrx_word' id='word_1_78' title='bbox 560 1578 691 1659; x_wconf 80' lang='grc' dir='ltr'><strong><em>ἔμεινεν</em></strong></span> <span class='ocrx_word' id='word_1_79' title='bbox 711 1575 732 1659; x_wconf 79' lang='grc' dir='ltr'><em>ἡ</em></span> <span class='ocrx_word' id='word_1_80' title='bbox 756 1583 817 1640; x_wconf 87' lang='grc' dir='ltr'><strong><em>τοῦ</em></strong></span> <span class='ocrx_word' id='word_1_81' title='bbox 840 1579 961 1641; x_wconf 86' lang='grc' dir='ltr'><strong><em>λευκοῦ</em></strong></span> <span class='ocrx_word' id='word_1_82' title='bbox 985 1575 1075 1661; x_wconf 78' lang='grc' dir='ltr'><strong><em>ἐνέρ</em></strong></span> 
     </span>
     <span class='ocr_line' id='line_1_11' title="bbox 66 1676 1116 1769; baseline 0.004 -24"><span class='ocrx_word' id='word_1_83' title='bbox 66 1704 141 1764; x_wconf 90' lang='grc' dir='ltr'><strong><em>γεια</em></strong></span> <span class='ocrx_word' id='word_1_84' title='bbox 166 1684 274 1765; x_wconf 78' lang='grc' dir='ltr'><strong><em>ἤγουν</em></strong></span> <span class='ocrx_word' id='word_1_85' title='bbox 301 1683 339 1746; x_wconf 92' lang='grc' dir='ltr'><strong><em>τὸ</em></strong></span> <span class='ocrx_word' id='word_1_86' title='bbox 368 1676 459 1759; x_wconf 80' lang='grc' dir='ltr'><strong><em>εἶδος</em></strong></span> <span class='ocrx_word' id='word_1_87' title='bbox 485 1680 522 1746; x_wconf 92' lang='grc' dir='ltr'><strong><em>ἐν</em></strong></span> <span class='ocrx_word' id='word_1_88' title='bbox 548 1690 595 1769; x_wconf 74' lang='grc' dir='ltr'><strong><em>τῷ</em></strong></span> <span class='ocrx_word' id='word_1_89' title='bbox 623 1682 764 1767; x_wconf 91' lang='grc' dir='ltr'><strong><em>δυνάμει</em></strong></span> <span class='ocrx_word' id='word_1_90' title='bbox 793 1686 916 1769; x_wconf 82' lang='grc' dir='ltr'><strong><em>λευκᾳλ,</em></strong></span> <span class='ocrx_word' id='word_1_91' title='bbox 948 1680 1073 1766; x_wconf 79' lang='grc' dir='ltr'><strong><em>ἀνάγκη</em></strong></span> <span class='ocrx_word' id='word_1_92' title='bbox 1089 1710 1116 1749; x_wconf 83' lang='grc' dir='ltr'><strong><em>ιο</em></strong></span> 
     </span>
     <span class='ocr_line' id='line_1_12' title="bbox 65 1783 1075 1875; baseline 0.001 -24"><span class='ocrx_word' id='word_1_93' title='bbox 65 1788 104 1851; x_wconf 87' lang='grc' dir='ltr'><strong><em>τὸ</em></strong></span> <span class='ocrx_word' id='word_1_94' title='bbox 133 1787 213 1851; x_wconf 83' lang='grc' dir='ltr'><strong><em>αὐτὸ</em></strong></span> <span class='ocrx_word' id='word_1_95' title='bbox 244 1790 309 1872; x_wconf 84' lang='grc' dir='ltr'><strong><em>ἅμα</em></strong></span> <span class='ocrx_word' id='word_1_96' title='bbox 336 1786 392 1853; x_wconf 79' lang='grc' dir='ltr'><strong><em>καί</em></strong></span> <span class='ocrx_word' id='word_1_97' title='bbox 420 1787 570 1875; x_wconf 88' lang='grc' dir='ltr'><strong><em>ἐνεργείᾳ</em></strong></span> <span class='ocrx_word' id='word_1_98' title='bbox 593 1783 679 1853; x_wconf 83' lang='grc' dir='ltr'><strong><em>εἰναι</em></strong></span> <span class='ocrx_word' id='word_1_99' title='bbox 702 1790 823 1854; x_wconf 88' lang='grc' dir='ltr'><strong><em>λευκὸν</em></strong></span> <span class='ocrx_word' id='word_1_100' title='bbox 844 1787 900 1854; x_wconf 82' lang='grc' dir='ltr'><strong><em>καὶ</em></strong></span> <span class='ocrx_word' id='word_1_101' title='bbox 923 1788 1075 1871; x_wconf 90' lang='grc' dir='ltr'><strong><em>δυνάμει,</em></strong></span> 
     </span>
     <span class='ocr_line' id='line_1_13' title="bbox 65 1890 1074 1978; baseline 0.002 -21"><span class='ocrx_word' id='word_1_102' title='bbox 65 1893 189 1958; x_wconf 86' lang='grc' dir='ltr'><strong><em>ταύτὸν</em></strong></span> <span class='ocrx_word' id='word_1_103' title='bbox 211 1890 249 1958; x_wconf 77' lang='grc' dir='ltr'><strong><em>δέ</em></strong></span> <span class='ocrx_word' id='word_1_104' title='bbox 272 1895 378 1959; x_wconf 80' lang='grc' dir='ltr'><strong><em>εἰπεῖν</em></strong></span> <span class='ocrx_word' id='word_1_105' title='bbox 400 1893 455 1960; x_wconf 86' lang='grc' dir='ltr'><strong><em>καί</em></strong></span> <span class='ocrx_word' id='word_1_106' title='bbox 479 1895 600 1960; x_wconf 86' lang='grc' dir='ltr'><strong><em>λευκὸν</em></strong></span> <span class='ocrx_word' id='word_1_107' title='bbox 621 1893 677 1960; x_wconf 85' lang='grc' dir='ltr'><strong><em>καί</em></strong></span> <span class='ocrx_word' id='word_1_108' title='bbox 707 1894 748 1959; x_wconf 85' lang='grc' dir='ltr'><strong><em>οὐ</em></strong></span> <span class='ocrx_word' id='word_1_109' title='bbox 776 1896 909 1959; x_wconf 84' lang='grc' dir='ltr'><strong><em>λευκόν·</em></strong></span> <span class='ocrx_word' id='word_1_110' title='bbox 946 1895 983 1959; x_wconf 87' lang='grc' dir='ltr'><strong><em>τὸ</em></strong></span> <span class='ocrx_word' id='word_1_111' title='bbox 1011 1896 1074 1978; x_wconf 80' lang='grc' dir='ltr'><strong><em>γάρ</em></strong></span> 
     </span>
     <span class='ocr_line' id='line_1_14' title="bbox 65 1998 1075 2086; baseline 0.002 -23"><span class='ocrx_word' id='word_1_112' title='bbox 65 1999 207 2082; x_wconf 86' lang='grc' dir='ltr'><strong><em>δυνάμει</em></strong></span> <span class='ocrx_word' id='word_1_113' title='bbox 235 2001 357 2066; x_wconf 88' lang='grc' dir='ltr'><strong><em>λευκὸν</em></strong></span> <span class='ocrx_word' id='word_1_114' title='bbox 384 2002 477 2066; x_wconf 76' lang='grc' dir='ltr'><strong><em>οὕτω</em></strong></span> <span class='ocrx_word' id='word_1_115' title='bbox 505 1998 598 2066; x_wconf 79' lang='grc' dir='ltr'><strong><em>ἐστίν</em></strong></span> <span class='ocrx_word' id='word_1_116' title='bbox 625 2002 746 2066; x_wconf 89' lang='grc' dir='ltr'><strong><em>λευκὸν</em></strong></span> <span class='ocrx_word' id='word_1_117' title='bbox 774 2001 815 2066; x_wconf 87' lang='grc' dir='ltr'><strong><em>οὐ</em></strong></span> <span class='ocrx_word' id='word_1_118' title='bbox 843 2003 963 2086; x_wconf 90' lang='grc' dir='ltr'><strong><em>μόνον,</em></strong></span> <span class='ocrx_word' id='word_1_119' title='bbox 991 2000 1075 2066; x_wconf 79' lang='grc' dir='ltr'><strong><em>ἀλλὰ</em></strong></span> 
     </span>
     <span class='ocr_line' id='line_1_15' title="bbox 66 2104 1075 2194; baseline 0.001 -24"><span class='ocrx_word' id='word_1_120' title='bbox 66 2104 123 2170; x_wconf 82' lang='grc' dir='ltr'><strong><em>καί</em></strong></span> <span class='ocrx_word' id='word_1_121' title='bbox 152 2105 312 2172; x_wconf 88' lang='grc' dir='ltr'><strong><em>τάναντία</em></strong></span> <span class='ocrx_word' id='word_1_122' title='bbox 341 2109 407 2191; x_wconf 84' lang='grc' dir='ltr'><strong><em>ἀμα</em></strong></span> <span class='ocrx_word' id='word_1_123' title='bbox 438 2109 476 2172; x_wconf 88' lang='grc' dir='ltr'><strong><em>τὸ</em></strong></span> <span class='ocrx_word' id='word_1_124' title='bbox 509 2107 590 2172; x_wconf 75' lang='grc' dir='ltr'><strong><em>αὐτὸ</em></strong></span> <span class='ocrx_word' id='word_1_125' title='bbox 623 2109 727 2173; x_wconf 85' lang='grc' dir='ltr'><strong><em>ἐσται·</em></strong></span> <span class='ocrx_word' id='word_1_126' title='bbox 768 2108 806 2173; x_wconf 87' lang='grc' dir='ltr'><strong><em>τὸ</em></strong></span> <span class='ocrx_word' id='word_1_127' title='bbox 837 2109 902 2194; x_wconf 81' lang='grc' dir='ltr'><strong><em>γάρ</em></strong></span> <span class='ocrx_word' id='word_1_128' title='bbox 934 2107 1075 2190; x_wconf 88' lang='grc' dir='ltr'><strong><em>δυνάμει</em></strong></span> 
     </span>
     <span class='ocr_line' id='line_1_16' title="bbox 65 2209 1114 2299; baseline 0.003 -23"><span class='ocrx_word' id='word_1_129' title='bbox 65 2212 188 2276; x_wconf 84' lang='grc' dir='ltr'><strong><em>λευκὸν</em></strong></span> <span class='ocrx_word' id='word_1_130' title='bbox 210 2210 267 2277; x_wconf 84' lang='grc' dir='ltr'><strong><em>καί</em></strong></span> <span class='ocrx_word' id='word_1_131' title='bbox 290 2214 334 2297; x_wconf 82' lang='grc' dir='ltr'><strong><em>μὴ</em></strong></span> <span class='ocrx_word' id='word_1_132' title='bbox 358 2212 517 2299; x_wconf 85' lang='grc' dir='ltr'><strong><em>ἐνεργείᾳ,</em></strong></span> <span class='ocrx_word' id='word_1_133' title='bbox 539 2211 771 2299; x_wconf 83' lang='grc' dir='ltr'><strong><em>κεχρωσμένον</em></strong></span> <span class='ocrx_word' id='word_1_134' title='bbox 794 2209 831 2278; x_wconf 71' lang='grc' dir='ltr'><strong><em>δὲ</em></strong></span> <span class='ocrx_word' id='word_1_135' title='bbox 854 2213 952 2298; x_wconf 82' lang='grc' dir='ltr'><strong><em>ὅμως,</em></strong></span> <span class='ocrx_word' id='word_1_136' title='bbox 971 2212 1074 2297; x_wconf 84' lang='grc' dir='ltr'><strong><em>μέλαν</em></strong></span> <span class='ocrx_word' id='word_1_137' title='bbox 1087 2240 1114 2282; x_wconf 77' lang='grc' dir='ltr'><strong><em>ιι</em></strong></span> 
     </span>
     <span class='ocr_line' id='line_1_17' title="bbox 66 2313 1075 2403; baseline 0.003 -22"><span class='ocrx_word' id='word_1_138' title='bbox 66 2313 152 2382; x_wconf 80' lang='grc' dir='ltr'><strong><em>εἶναι</em></strong></span> <span class='ocrx_word' id='word_1_139' title='bbox 176 2317 302 2402; x_wconf 82' lang='grc' dir='ltr'><strong><em>ἀνάγκη</em></strong></span> <span class='ocrx_word' id='word_1_140' title='bbox 325 2321 346 2402; x_wconf 75' lang='grc' dir='ltr'><em>ἢ</em></span> <span class='ocrx_word' id='word_1_141' title='bbox 369 2342 401 2382; x_wconf 90' lang='grc' dir='ltr'><strong><em>τι</em></strong></span> <span class='ocrx_word' id='word_1_142' title='bbox 424 2330 492 2383; x_wconf 83' lang='grc' dir='ltr'><strong><em>τῶν</em></strong></span> <span class='ocrx_word' id='word_1_143' title='bbox 510 2317 645 2402; x_wconf 79' lang='grc' dir='ltr'><strong><em>μεταξύ·</em></strong></span> <span class='ocrx_word' id='word_1_144' title='bbox 669 2321 699 2385; x_wconf 90' lang='grc' dir='ltr'><strong><em>εἰ</em></strong></span> <span class='ocrx_word' id='word_1_145' title='bbox 717 2314 780 2386; x_wconf 86' lang='grc' dir='ltr'><strong><em>οὖν</em></strong></span> <span class='ocrx_word' id='word_1_146' title='bbox 798 2318 818 2402; x_wconf 79' lang='grc' dir='ltr'><em>ἢ</em></span> <span class='ocrx_word' id='word_1_147' title='bbox 838 2320 904 2403; x_wconf 79' lang='grc' dir='ltr'><strong><em>ἅμα</em></strong></span> <span class='ocrx_word' id='word_1_148' title='bbox 921 2321 962 2384; x_wconf 82' lang='grc' dir='ltr'><strong><em>τὰ</em></strong></span> <span class='ocrx_word' id='word_1_149' title='bbox 980 2319 1075 2385; x_wconf 90' lang='grc' dir='ltr'><strong><em>ἐναν-</em></strong></span> 
     </span>
     <span class='ocr_line' id='line_1_18' title="bbox 65 2420 1076 2510; baseline 0.004 -23"><span class='ocrx_word' id='word_1_150' title='bbox 65 2427 121 2488; x_wconf 90' lang='grc' dir='ltr'><strong><em>τία</em></strong></span> <span class='ocrx_word' id='word_1_151' title='bbox 143 2420 229 2488; x_wconf 82' lang='grc' dir='ltr'><strong><em>εἶναι</em></strong></span> <span class='ocrx_word' id='word_1_152' title='bbox 253 2424 422 2490; x_wconf 89' lang='grc' dir='ltr'><strong><em>ἀδύνατον</em></strong></span> <span class='ocrx_word' id='word_1_153' title='bbox 443 2424 464 2508; x_wconf 75' lang='grc' dir='ltr'><em>ἢ</em></span> <span class='ocrx_word' id='word_1_154' title='bbox 488 2426 550 2510; x_wconf 79' lang='grc' dir='ltr'><strong><em>τὴν</em></strong></span> <span class='ocrx_word' id='word_1_155' title='bbox 568 2425 748 2510; x_wconf 84' lang='grc' dir='ltr'><strong><em>ἀντίφασιν</em></strong></span> <span class='ocrx_word' id='word_1_156' title='bbox 766 2427 1013 2510; x_wconf 72' lang='grc' dir='ltr'><strong><em>συναληθεύειν</em></strong></span> <span class='ocrx_word' id='word_1_157' title='bbox 1029 2427 1076 2504; x_wconf 82' lang='grc' dir='ltr'><strong><em>ὡς</em></strong></span> 
     </span>
     <span class='ocr_line' id='line_1_19' title="bbox 66 2527 1075 2617; baseline 0.005 -24"><span class='ocrx_word' id='word_1_158' title='bbox 66 2529 104 2594; x_wconf 87' lang='grc' dir='ltr'><strong><em>τὸ</em></strong></span> <span class='ocrx_word' id='word_1_159' title='bbox 133 2529 214 2594; x_wconf 85' lang='grc' dir='ltr'><strong><em>αὐτὸ</em></strong></span> <span class='ocrx_word' id='word_1_160' title='bbox 243 2532 310 2614; x_wconf 88' lang='grc' dir='ltr'><strong><em>άμα</em></strong></span> <span class='ocrx_word' id='word_1_161' title='bbox 337 2530 392 2596; x_wconf 87' lang='grc' dir='ltr'><strong><em>καί</em></strong></span> <span class='ocrx_word' id='word_1_162' title='bbox 416 2532 538 2596; x_wconf 86' lang='grc' dir='ltr'><strong><em>λευκὸν</em></strong></span> <span class='ocrx_word' id='word_1_163' title='bbox 560 2527 647 2597; x_wconf 81' lang='grc' dir='ltr'><strong><em>εἰναι</em></strong></span> <span class='ocrx_word' id='word_1_164' title='bbox 669 2531 724 2597; x_wconf 80' lang='grc' dir='ltr'><strong><em>καὶ</em></strong></span> <span class='ocrx_word' id='word_1_165' title='bbox 746 2534 791 2617; x_wconf 79' lang='grc' dir='ltr'><strong><em>μὴ</em></strong></span> <span class='ocrx_word' id='word_1_166' title='bbox 813 2533 936 2598; x_wconf 90' lang='grc' dir='ltr'><strong><em>λευκὸν</em></strong></span> <span class='ocrx_word' id='word_1_167' title='bbox 956 2531 977 2615; x_wconf 77' lang='grc' dir='ltr'>ἢ</span> <span class='ocrx_word' id='word_1_168' title='bbox 1001 2537 1075 2598; x_wconf 89' lang='grc' dir='ltr'><strong><em>λευ·</em></strong></span> 
     </span>
     <span class='ocr_line' id='line_1_20' title="bbox 64 2635 1127 2726; baseline 0.004 -26"><span class='ocrx_word' id='word_1_169' title='bbox 64 2636 128 2700; x_wconf 89' lang='grc' dir='ltr'><strong><em>κὸν</em></strong></span> <span class='ocrx_word' id='word_1_170' title='bbox 146 2635 226 2723; x_wconf 66' lang='grc' dir='ltr'><strong><em>άμαί</em></strong></span> <span class='ocrx_word' id='word_1_171' title='bbox 239 2637 294 2702; x_wconf 84' lang='grc' dir='ltr'><strong><em>καί</em></strong></span> <span class='ocrx_word' id='word_1_172' title='bbox 312 2637 426 2721; x_wconf 82' lang='grc' dir='ltr'><strong><em>μέλαν,</em></strong></span> <span class='ocrx_word' id='word_1_173' title='bbox 448 2637 617 2703; x_wconf 87' lang='grc' dir='ltr'><strong><em>ἀδύνατον</em></strong></span> <span class='ocrx_word' id='word_1_174' title='bbox 639 2640 703 2723; x_wconf 84' lang='grc' dir='ltr'><strong><em>ἀρα</em></strong></span> <span class='ocrx_word' id='word_1_175' title='bbox 726 2638 763 2704; x_wconf 91' lang='grc' dir='ltr'><strong><em>ἐν</em></strong></span> <span class='ocrx_word' id='word_1_176' title='bbox 785 2647 831 2726; x_wconf 75' lang='grc' dir='ltr'><strong><em>τῷ</em></strong></span> <span class='ocrx_word' id='word_1_177' title='bbox 855 2640 994 2724; x_wconf 85' lang='grc' dir='ltr'><strong><em>δυνάμει</em></strong></span> <span class='ocrx_word' id='word_1_178' title='bbox 1017 2655 1057 2697; x_wconf 63' lang='grc' dir='ltr'><strong><em>τοι</em></strong></span> <span class='ocrx_word' id='word_1_179' title='bbox 1065 2659 1127 2700; x_wconf 69' lang='lat'>14⁷1.</span> 
     </span>
     <span class='ocr_line' id='line_1_21' title="bbox 66 2740 1116 2830; baseline 0.008 -25"><span class='ocrx_word' id='word_1_180' title='bbox 66 2746 177 2830; x_wconf 80' lang='grc' dir='ltr'><strong><em>λευκςῦ</em></strong></span> <span class='ocrx_word' id='word_1_181' title='bbox 199 2745 261 2827; x_wconf 82' lang='grc' dir='ltr'><strong><em>την</em></strong></span> <span class='ocrx_word' id='word_1_182' title='bbox 283 2753 344 2809; x_wconf 92' lang='grc' dir='ltr'><strong><em>τοῦ</em></strong></span> <span class='ocrx_word' id='word_1_183' title='bbox 367 2749 489 2810; x_wconf 87' lang='grc' dir='ltr'><strong><em>λευκοῦ</em></strong></span> <span class='ocrx_word' id='word_1_184' title='bbox 517 2740 602 2809; x_wconf 83' lang='grc' dir='ltr'><strong><em>εἶναι</em></strong></span> <span class='ocrx_word' id='word_1_185' title='bbox 632 2744 726 2810; x_wconf 82' lang='grc' dir='ltr'><strong><em>ἰδέαν</em></strong></span> <span class='ocrx_word' id='word_1_186' title='bbox 752 2769 787 2810; x_wconf 89' lang='grc' dir='ltr'><strong><em>τε</em></strong></span> <span class='ocrx_word' id='word_1_187' title='bbox 813 2744 869 2810; x_wconf 82' lang='grc' dir='ltr'><strong><em>καὶ</em></strong></span> <span class='ocrx_word' id='word_1_188' title='bbox 897 2744 1074 2830; x_wconf 89' lang='grc' dir='ltr'><strong><em>ἐνέργειαν.</em></strong></span> <span class='ocrx_word' id='word_1_189' title='bbox 1089 2772 1116 2814; x_wconf 80' lang='grc' dir='ltr'><strong><em>ιο</em></strong></span> 
     </span>
    </p>
   </div>
   <div class='ocr_carea' id='block_1_3' title="bbox 65 2845 1075 3256">
    <p class='ocr_par' dir='ltr' id='par_1_3' title="bbox 65 2845 1075 3256">
     <span class='ocr_line' id='line_1_22' title="bbox 66 2845 1074 2939; baseline 0.005 -27"><span class='ocrx_word' id='word_1_190' title='bbox 66 2850 96 2913; x_wconf 91' lang='grc' dir='ltr'><strong><em>εἰ</em></strong></span> <span class='ocrx_word' id='word_1_191' title='bbox 119 2845 157 2913; x_wconf 77' lang='grc' dir='ltr'><strong><em>δέ</em></strong></span> <span class='ocrx_word' id='word_1_192' title='bbox 180 2849 349 2916; x_wconf 88' lang='grc' dir='ltr'><strong><em>ἀδύνατον</em></strong></span> <span class='ocrx_word' id='word_1_193' title='bbox 371 2850 409 2916; x_wconf 87' lang='grc' dir='ltr'><strong><em>ἐν</em></strong></span> <span class='ocrx_word' id='word_1_194' title='bbox 430 2858 477 2939; x_wconf 72' lang='grc' dir='ltr'><strong><em>τῷ</em></strong></span> <span class='ocrx_word' id='word_1_195' title='bbox 501 2852 641 2934; x_wconf 89' lang='grc' dir='ltr'><strong><em>δυνάμει</em></strong></span> <span class='ocrx_word' id='word_1_196' title='bbox 663 2854 771 2939; x_wconf 76' lang='grc' dir='ltr'><strong><em>λευκῷ</em></strong></span> <span class='ocrx_word' id='word_1_197' title='bbox 793 2853 856 2934; x_wconf 79' lang='grc' dir='ltr'><strong><em>την</em></strong></span> <span class='ocrx_word' id='word_1_198' title='bbox 872 2861 933 2917; x_wconf 90' lang='grc' dir='ltr'><strong><em>τοῦ</em></strong></span> <span class='ocrx_word' id='word_1_199' title='bbox 952 2857 1074 2918; x_wconf 88' lang='grc' dir='ltr'><strong><em>λευκοῦ</em></strong></span> 
     </span>
     <span class='ocr_line' id='line_1_23' title="bbox 66 2950 1075 3043; baseline 0.005 -24"><span class='ocrx_word' id='word_1_200' title='bbox 66 2950 152 3023; x_wconf 76' lang='grc' dir='ltr'><strong><em>εἶναι</em></strong></span> <span class='ocrx_word' id='word_1_201' title='bbox 181 2954 362 3040; x_wconf 84' lang='grc' dir='ltr'><strong><em>ἐνέργειαν,</em></strong></span> <span class='ocrx_word' id='word_1_202' title='bbox 390 2957 582 3042; x_wconf 73' lang='grc' dir='ltr'><strong><em>φθαρέντος</em></strong></span> <span class='ocrx_word' id='word_1_203' title='bbox 609 2959 674 3043; x_wconf 84' lang='grc' dir='ltr'><strong><em>ἀρα</em></strong></span> <span class='ocrx_word' id='word_1_204' title='bbox 697 2966 757 3022; x_wconf 92' lang='grc' dir='ltr'><strong><em>τοῦ</em></strong></span> <span class='ocrx_word' id='word_1_205' title='bbox 780 2961 902 3024; x_wconf 89' lang='grc' dir='ltr'><strong><em>λευκοῦ</em></strong></span> <span class='ocrx_word' id='word_1_206' title='bbox 925 2960 1075 3042; x_wconf 84' lang='grc' dir='ltr'><strong><em>σώματος</em></strong></span> 
     </span>
     <span class='ocr_line' id='line_1_24' title="bbox 65 3060 1073 3150; baseline 0.005 -26"><span class='ocrx_word' id='word_1_207' title='bbox 65 3061 86 3143; x_wconf 78' lang='grc' dir='ltr'>ἡ</span> <span class='ocrx_word' id='word_1_208' title='bbox 115 3060 152 3125; x_wconf 94' lang='grc' dir='ltr'><strong><em>ἐν</em></strong></span> <span class='ocrx_word' id='word_1_209' title='bbox 180 3062 270 3150; x_wconf 78' lang='grc' dir='ltr'><strong><em>αὐτῷ</em></strong></span> <span class='ocrx_word' id='word_1_210' title='bbox 297 3072 358 3128; x_wconf 88' lang='grc' dir='ltr'><strong><em>τοῦ</em></strong></span> <span class='ocrx_word' id='word_1_211' title='bbox 387 3068 509 3129; x_wconf 86' lang='grc' dir='ltr'><strong><em>λευκοῦ</em></strong></span> <span class='ocrx_word' id='word_1_212' title='bbox 538 3062 610 3129; x_wconf 92' lang='grc' dir='ltr'><strong><em>ἰδέα</em></strong></span> <span class='ocrx_word' id='word_1_213' title='bbox 637 3086 672 3128; x_wconf 90' lang='grc' dir='ltr'><strong><em>τε</em></strong></span> <span class='ocrx_word' id='word_1_214' title='bbox 698 3061 754 3128; x_wconf 79' lang='grc' dir='ltr'><strong><em>καί</em></strong></span> <span class='ocrx_word' id='word_1_215' title='bbox 782 3062 945 3149; x_wconf 83' lang='grc' dir='ltr'><strong><em>ἐνέργεια,</em></strong></span> <span class='ocrx_word' id='word_1_216' title='bbox 973 3066 1003 3129; x_wconf 84' lang='grc' dir='ltr'><strong><em>εἰ</em></strong></span> <span class='ocrx_word' id='word_1_217' title='bbox 1029 3067 1073 3148; x_wconf 82' lang='grc' dir='ltr'><strong><em>μὴ</em></strong></span> 
     </span>
     <span class='ocr_line' id='line_1_25' title="bbox 66 3166 1073 3256; baseline 0.005 -26"><span class='ocrx_word' id='word_1_218' title='bbox 66 3166 175 3245; x_wconf 85' lang='grc' dir='ltr'><strong><em>ἀίδιός</em></strong></span> <span class='ocrx_word' id='word_1_219' title='bbox 198 3168 299 3253; x_wconf 84' lang='grc' dir='ltr'><strong><em>ἐστιν,</em></strong></span> <span class='ocrx_word' id='word_1_220' title='bbox 322 3171 370 3247; x_wconf 80' lang='grc' dir='ltr'><strong><em>εἰς</em></strong></span> <span class='ocrx_word' id='word_1_221' title='bbox 392 3171 429 3235; x_wconf 88' lang='grc' dir='ltr'><strong><em>τὸ</em></strong></span> <span class='ocrx_word' id='word_1_222' title='bbox 453 3171 560 3256; x_wconf 79' lang='grc' dir='ltr'><strong><em>πάντη</em></strong></span> <span class='ocrx_word' id='word_1_223' title='bbox 583 3171 626 3254; x_wconf 82' lang='grc' dir='ltr'><strong><em>μὴ</em></strong></span> <span class='ocrx_word' id='word_1_224' title='bbox 651 3168 692 3234; x_wconf 85' lang='grc' dir='ltr'><strong><em>ὂν</em></strong></span> <span class='ocrx_word' id='word_1_225' title='bbox 714 3167 747 3246; x_wconf 81' lang='grc' dir='ltr'><strong><em>ἐξ</em></strong></span> <span class='ocrx_word' id='word_1_226' title='bbox 771 3169 916 3253; x_wconf 80' lang='grc' dir='ltr'><strong><em>ἀνάγκης</em></strong></span> <span class='ocrx_word' id='word_1_227' title='bbox 942 3176 1073 3256; x_wconf 81' lang='grc' dir='ltr'><strong><em>οίχεται.</em></strong></span> 
     </span>
    </p>
   </div>
   <div class='ocr_carea' id='block_1_4' title="bbox 66 3275 1115 3574">
    <p class='ocr_par' dir='ltr' id='par_1_4' title="bbox 66 3275 1115 3574">
     <span class='ocr_line' id='line_1_26' title="bbox 66 3275 1115 3361; baseline 0.006 -22"><span class='ocrx_word' id='word_1_228' title='bbox 66 3275 163 3357; x_wconf 81' lang='grc' dir='ltr'><strong><em>ὥστε,</em></strong></span> <span class='ocrx_word' id='word_1_229' title='bbox 190 3275 253 3340; x_wconf 80' lang='grc' dir='ltr'><strong><em>κάν</em></strong></span> <span class='ocrx_word' id='word_1_230' title='bbox 280 3277 317 3340; x_wconf 93' lang='grc' dir='ltr'><strong><em>τὸ</em></strong></span> <span class='ocrx_word' id='word_1_231' title='bbox 345 3277 566 3360; x_wconf 82' lang='grc' dir='ltr'><strong><em>ὑποκείμενον</em></strong></span> <span class='ocrx_word' id='word_1_232' title='bbox 594 3278 630 3341; x_wconf 88' lang='grc' dir='ltr'><strong><em>ἐκ</em></strong></span> <span class='ocrx_word' id='word_1_233' title='bbox 656 3299 692 3340; x_wconf 87' lang='grc' dir='ltr'><strong><em>τε</em></strong></span> <span class='ocrx_word' id='word_1_234' title='bbox 718 3286 779 3340; x_wconf 90' lang='grc' dir='ltr'><strong><em>τοῦ</em></strong></span> <span class='ocrx_word' id='word_1_235' title='bbox 803 3277 943 3361; x_wconf 91' lang='grc' dir='ltr'><strong><em>δυνάμει</em></strong></span> <span class='ocrx_word' id='word_1_236' title='bbox 967 3279 1013 3354; x_wconf 88' lang='grc' dir='ltr'><strong><em>εἰς</em></strong></span> <span class='ocrx_word' id='word_1_237' title='bbox 1035 3278 1073 3342; x_wconf 84' lang='grc' dir='ltr'><strong><em>τὸ</em></strong></span> <span class='ocrx_word' id='word_1_238' title='bbox 1088 3302 1115 3346; x_wconf 80' lang='grc' dir='ltr'><strong><em>ιε</em></strong></span> 
     </span>
     <span class='ocr_line' id='line_1_27' title="bbox 66 3380 1074 3469; baseline 0.003 -23"><span class='ocrx_word' id='word_1_239' title='bbox 66 3380 217 3467; x_wconf 90' lang='grc' dir='ltr'><strong><em>ἐνεργείᾳ</em></strong></span> <span class='ocrx_word' id='word_1_240' title='bbox 243 3385 409 3469; x_wconf 78' lang='grc' dir='ltr'><strong><em>μεταβάλῃ</em></strong></span> <span class='ocrx_word' id='word_1_241' title='bbox 436 3382 491 3448; x_wconf 87' lang='grc' dir='ltr'><strong><em>καί</em></strong></span> <span class='ocrx_word' id='word_1_242' title='bbox 518 3383 620 3447; x_wconf 77' lang='grc' dir='ltr'><strong><em>πάλιν</em></strong></span> <span class='ocrx_word' id='word_1_243' title='bbox 647 3382 683 3448; x_wconf 91' lang='grc' dir='ltr'><strong><em>ἐκ</em></strong></span> <span class='ocrx_word' id='word_1_244' title='bbox 710 3392 772 3447; x_wconf 86' lang='grc' dir='ltr'><strong><em>τοῦ</em></strong></span> <span class='ocrx_word' id='word_1_245' title='bbox 795 3381 944 3469; x_wconf 85' lang='grc' dir='ltr'><strong><em>ἐνεργείᾳ</em></strong></span> <span class='ocrx_word' id='word_1_246' title='bbox 966 3385 1014 3460; x_wconf 88' lang='grc' dir='ltr'><strong><em>εἰς</em></strong></span> <span class='ocrx_word' id='word_1_247' title='bbox 1036 3384 1074 3449; x_wconf 87' lang='grc' dir='ltr'><strong><em>τὸ</em></strong></span> 
     </span>
     <span class='ocr_line' id='line_1_28' title="bbox 67 3487 1073 3574; baseline 0.002 -22"><span class='ocrx_word' id='word_1_248' title='bbox 67 3489 219 3571; x_wconf 89' lang='grc' dir='ltr'><strong><em>δυνάμει,</em></strong></span> <span class='ocrx_word' id='word_1_249' title='bbox 239 3487 322 3553; x_wconf 80' lang='grc' dir='ltr'><strong><em>αὐτὰ</em></strong></span> <span class='ocrx_word' id='word_1_250' title='bbox 344 3497 429 3571; x_wconf 90' lang='grc' dir='ltr'><strong><em>γοῦν</em></strong></span> <span class='ocrx_word' id='word_1_251' title='bbox 451 3489 491 3553; x_wconf 85' lang='grc' dir='ltr'><strong><em>τά</em></strong></span> <span class='ocrx_word' id='word_1_252' title='bbox 514 3490 616 3553; x_wconf 86' lang='grc' dir='ltr'><strong><em>ἐνυλα</em></strong></span> <span class='ocrx_word' id='word_1_253' title='bbox 639 3488 711 3571; x_wconf 85' lang='grc' dir='ltr'><strong><em>εἰδη</em></strong></span> <span class='ocrx_word' id='word_1_254' title='bbox 735 3490 944 3574; x_wconf 73' lang='grc' dir='ltr'><strong><em>φθειρόμενα</em></strong></span> <span class='ocrx_word' id='word_1_255' title='bbox 966 3490 1014 3567; x_wconf 91' lang='grc' dir='ltr'><strong><em>εἰς</em></strong></span> <span class='ocrx_word' id='word_1_256' title='bbox 1037 3490 1073 3554; x_wconf 90' lang='grc' dir='ltr'><strong><em>τὸ</em></strong></span> 
     </span>
    </p>
   </div>
   <div class='ocr_carea' id='block_1_5' title="bbox 137 3675 1072 3752">
    <p class='ocr_par' dir='ltr' id='par_1_5' title="bbox 137 3675 1072 3752">
     <span class='ocr_line' id='line_1_29' title="bbox 137 3675 1072 3752; baseline 0.001 -20.052"><span class='ocrx_word' id='word_1_257' title='bbox 137 3680 314 3750; x_wconf 74' lang='grc' dir='ltr'><strong><em>λ.ελ[εγ]ετο</em></strong></span> <span class='ocrx_word' id='word_1_258' title='bbox 334 3679 363 3732; x_wconf 91' lang='grc' dir='ltr'><strong>Μ</strong></span> <span class='ocrx_word' id='word_1_259' title='bbox 468 3685 492 3733; x_wconf 80' lang='lat'><strong><em>5.</em></strong></span> <span class='ocrx_word' id='word_1_260' title='bbox 512 3675 571 3733; x_wconf 78' lang='grc' dir='ltr'><strong><em>εἶτα</em></strong></span> <span class='ocrx_word' id='word_1_261' title='bbox 591 3679 635 3749; x_wconf 81' lang='lat' dir='ltr'><strong><em>(cf</em></strong></span> <span class='ocrx_word' id='word_1_262' title='bbox 655 3686 706 3734; x_wconf 80' lang='lat'><strong><em>362</em></strong></span> <span class='ocrx_word' id='word_1_263' title='bbox 709 3681 814 3751; x_wconf 83' lang='grc' dir='ltr'><strong><em>,λ)]ι</em></strong></span> <span class='ocrx_word' id='word_1_264' title='bbox 790 3700 858 3735; x_wconf 90' lang='grc' dir='ltr'><strong><em>ειιτο</em></strong></span> <span class='ocrx_word' id='word_1_265' title='bbox 848 3681 906 3734; x_wconf 91' lang='grc' dir='ltr'><strong><em>ιΜ</em></strong></span> <span class='ocrx_word' id='word_1_266' title='bbox 925 3680 966 3750; x_wconf 88' lang='lat' dir='ltr'><strong><em>(in</em></strong></span> <span class='ocrx_word' id='word_1_267' title='bbox 984 3698 1072 3752; x_wconf 82' lang='lat' dir='ltr'><strong>marg.</strong></span> 
     </span>
    </p>
   </div>
   <div class='ocr_carea' id='block_1_6' title="bbox 66 3771 990 3857">
    <p class='ocr_par' dir='ltr' id='par_1_6' title="bbox 66 3771 990 3857">
     <span class='ocr_line' id='line_1_30' title="bbox 66 3771 990 3857; baseline 0.003 -19"><span class='ocrx_word' id='word_1_268' title='bbox 66 3783 305 3855; x_wconf 77' lang='grc' dir='ltr'><strong><em>ζητει);ἤτοιμί</em></strong></span> <span class='ocrx_word' id='word_1_269' title='bbox 395 3786 632 3857; x_wconf 70' lang='grc' dir='ltr'><strong><em>7.α[γρτ]ουΜ</em></strong></span> <span class='ocrx_word' id='word_1_270' title='bbox 722 3771 990 3856; x_wconf 46' lang='grc' dir='ltr'><strong><em>αυΜέαῦρίίιτοη</em></strong></span> 
     </span>
    </p>
   </div>
   <div class='ocr_carea' id='block_1_7' title="bbox 56 3805 1106 3993">
    <p class='ocr_par' dir='ltr' id='par_1_7' title="bbox 56 3805 1106 3993">
     <span class='ocr_line' id='line_1_31' title="bbox 84 3805 1106 3975; baseline -0.018 -51.897"><span class='ocrx_word' id='word_1_271' title='bbox 84 3861 216 3975; x_wconf 63' lang='lat' dir='ltr'><strong><em>⁶²1va</em></strong></span> <span class='ocrx_word' id='word_1_272' title='bbox 194 3853 330 3927; x_wconf 67' lang='grc' dir='ltr'><strong><em>οιονίσμέν</em></strong></span> <span class='ocrx_word' id='word_1_273' title='bbox 300 3856 446 3928; x_wconf 68' lang='grc' dir='ltr'><strong><em>νίκεγωρι</em></strong></span> <span class='ocrx_word' id='word_1_274' title='bbox 447 3875 551 3929; x_wconf 85' lang='grc' dir='ltr'><strong><em>σμενον</em></strong></span> <span class='ocrx_word' id='word_1_275' title='bbox 569 3857 600 3913; x_wconf 83' lang='grc' dir='ltr'><strong>Μ</strong></span> <span class='ocrx_word' id='word_1_276' title='bbox 692 3864 738 3916; x_wconf 68' lang='lat'><strong><em>2‘2.</em></strong></span> <span class='ocrx_word' id='word_1_277' title='bbox 756 3858 827 3915; x_wconf 59' lang='grc' dir='ltr'><strong><em>ἰοτε</em></strong></span> <span class='ocrx_word' id='word_1_278' title='bbox 847 3855 889 3914; x_wconf 65' lang='grc' dir='ltr'><strong><em>εἰν</em></strong></span> <span class='ocrx_word' id='word_1_279' title='bbox 892 3805 1106 3928; x_wconf 53' lang='grc' dir='ltr'><strong><em>αιὲλῦὲυυτε</em></strong></span> 
     </span>
     <span class='ocr_line' id='line_1_32' title="bbox 56 3923 288 3993; baseline 0.011 -17"><span class='ocrx_word' id='word_1_280' title='bbox 56 3925 125 3993; x_wconf 72' lang='grc' dir='ltr'><strong><em>καί)</em></strong></span> <span class='ocrx_word' id='word_1_281' title='bbox 159 3923 288 3993; x_wconf 76' lang='grc' dir='ltr'><strong><em>νέργειαν</em></strong></span> 
     </span>
    </p>
   </div>
   <div class='ocr_carea' id='block_1_8' title="bbox 0 0 1204 4208">
    <p class='ocr_par' dir='ltr' id='par_1_8' title="bbox 0 0 1204 4208">
     <span class='ocr_line' id='line_1_33' title="bbox 0 0 1204 4208; baseline 0 0"><span class='ocrx_word' id='word_1_282' title='bbox 0 0 1204 4208; x_wconf 95' lang='lat' dir='ltr'><strong><em> </em></strong></span> 
     </span>
    </p>
   </div>
  </div>
 </body>
</html>
