2394 4208
10 39 856 359 -
924 144 946 191 ί.

78 548 105 601 v
123 548 152 620 ³]
357 544 405 598 DE
424 543 681 599 ιωτοωαωιωι
700 543 821 598 αιτιοι
1031 545 1094 610 109

78 709 229 792 ληλυθὸς
253 707 315 772 οῦκ
333 709 433 790 ἔστιν,
457 706 537 771 όταν
555 708 618 792 ἀρα
637 706 655 771 ὁ
671 707 815 771 Πλάτων
832 705 908 792 περὶ
928 716 988 771 τοῦ
1007 713 1093 772 θεοῦ

78 815 159 900 λέγη
183 814 324 898 εἀγαθός
345 809 399 897 ἦν,
422 813 540 900 ἀγαθῷ
560 810 596 878 δὲ
616 812 728 890 οὐδεὶς
745 812 820 899 περὶ
841 813 980 889 οὐθενὸς
999 812 1094 877 οὐθέ-

77 944 159 986 ποτε
192 919 355 1004 ἐγγίνεται
389 920 548 1004 φθόνος’,
579 921 639 985 τὸν
671 921 756 984 θεὸν
786 922 893 1004 θητιου
923 920 1005 983 κατὰ
1034 920 1095 984 τὸν

79 1029 190 1111 σοφόν
222 1028 379 1112 Πρόκλον
409 1025 446 1091 έν
477 1029 587 1114 χρόνῳ
616 1030 794 1109 πεποίηκεν
824 1025 879 1090 καλ
910 1028 1017 1113 χρόνῳ
1047 1033 1094 1112 τῷ

78 1135 329 1219 παρεληλυθότι
359 1131 414 1197 καὶ
445 1134 501 1197 όιά
529 1142 628 1197 τοῦτο
658 1132 678 1215 ἢ
709 1133 821 1217 μηκέτι
852 1133 936 1197 θεὸν
966 1134 1046 1197 ὄντα
1072 1130 1092 1215 ἣ
1122 1158 1134 1197 5

79 1239 193 1325 μηκέτι
216 1239 348 1322 ἀγαθὸν
371 1238 493 1322 όνταῆ
516 1250 555 1325 τῇ
579 1250 661 1325 τομῇ
680 1249 740 1304 τοῦ
764 1243 886 1326 χρόνου
906 1239 1094 1304 συνόιιστά-

81 1368 186 1428 μενον
212 1344 268 1409 καλ
295 1348 338 1430 μη
367 1345 498 1431 ἀθρόαν
523 1348 589 1430 ἅμα
616 1345 670 1410 καλ
699 1348 838 1411 αἰωνίαν
864 1348 925 1429 τὴν
952 1343 1095 1430 ὕπαρξιν

81 1455 214 1535 ἔχοντα·
237 1450 315 1515 καθ’
338 1446 380 1517 οὗ
404 1454 466 1537 γάρ
491 1451 533 1517 ἀν
555 1454 591 1517 τὸ
611 1449 654 1536 ἦν
672 1460 895 1538 κατηγορηθῇ,
918 1453 1000 1516 κατὰ
1018 1453 1093 1516 τού-

79 1581 142 1622 του
164 1559 202 1622 τὸ
227 1560 317 1623 ἔστιν
340 1558 380 1622 οῦ
408 1569 650 1644 κατηγορεῖται·
679 1558 697 1623 ὁ
726 1560 788 1642 γὰρ
817 1558 922 1640 λέγων
945 1558 1093 1645 ζΣωκρά-

79 1688 140 1746 της
161 1661 217 1747 ἦν’
241 1664 396 1747 δηλονότι
419 1665 463 1742 ὡς
491 1674 556 1730 νῦν
582 1666 626 1749 μη
650 1667 760 1741 ὄντος
789 1664 830 1728 οὐ
857 1665 919 1748 γὰρ
948 1665 1094 1729 δυνατὸν
1109 1690 1134 1729 ιο

80 1771 195 1847 ἁπλῶς
224 1770 346 1836 οὑτωσὶ
377 1774 484 1855 μόνον
510 1771 619 1854 λέγειν
648 1771 697 1835 ὅτι
725 1770 882 1856 εοὐρανὸς
908 1766 975 1853 ἦν’·
1006 1774 1095 1836 ἔστιν

82 1878 148 1962 γὰρ
171 1876 226 1941 καλ
249 1886 328 1960 νῦν,
356 1879 481 1963 ὥσπερ,
509 1884 544 1942 εί
565 1901 614 1954 τις
638 1879 816 1963 ἀνθρωττος
840 1875 968 1958 ἀγαθὸς
990 1876 1094 1960 ὑπάρ-

80 2007 151 2068 χοι,
186 1983 227 2048 οὐ
259 1984 405 2048 δυνατὸν
433 1981 509 2074 περὶ
542 1985 645 2049 αὐτοῦ
678 1983 787 2066 λέγειν
819 1982 1015 2067 ἀδιορίστως
1044 1982 1095 2046 ὅτι

80 2089 224 2172 ζἀγαθὸς
247 2084 301 2171 ἦν’
324 2088 394 2154 ἀλλ’
420 2089 470 2154 ότι
493 2089 632 2174 ἀγαθός
656 2089 771 2155 ἐστιν’·
798 2087 874 2175 περὶ
899 2088 1012 2173 μέντοι
1034 2097 1094 2153 τοῦ

80 2196 196 2281 μηκέτι
224 2198 320 2272 ὄντος
348 2195 481 2279 ἀγαθοῦ
509 2195 592 2261 ἀλλὰ
619 2196 885 2281 μεταβληθέντος
909 2197 955 2271 είς
977 2199 1096 2260 κακίαν
1110 2219 1135 2259 15

81 2309 171 2367 είτιοι
195 2304 237 2366 ἀν
259 2325 308 2379 τις
331 2301 471 2385 εἀγαθὸς
493 2298 547 2384 ἦν’
566 2303 611 2379 ὡς
629 2311 693 2367 νῦν
712 2304 867 2385 δηλονότι
885 2301 997 2386 μηκέτι
1016 2300 1095 2384 ἀγα-

80 2414 153 2473 θοῦ
176 2409 286 2485 ὄντος·
314 2409 343 2473 εί
371 2409 434 2492 γάρ
462 2407 517 2472 καλ
541 2408 668 2491 λέγεται
692 2407 745 2473 έτιὶ
768 2420 835 2473 τῶν
858 2408 895 2472 ἐν
917 2409 1095 2493 καρατόσει

81 2515 270 2598 χρόνοντὸ
300 2509 385 2578 εἶναι
409 2513 552 2598 ἐχόντων
574 2513 629 2579 καὶ
653 2518 699 2579 ἔτι
724 2516 939 2598 ὑφεστώτων,
968 2515 1018 2579 ὅτι
1041 2512 1095 2578 καὶ

80 2615 128 2703 ἦν
150 2619 203 2684 καί
227 2623 328 2703 ἔστιν,
355 2621 464 2705 ὥσπερ
493 2619 546 2685 έττὶ
569 2630 629 2685 τοῦ
654 2621 800 2705 οὐρανοῦ
829 2617 897 2706 (καὶ
926 2622 988 2706 γάρ
1014 2616 1095 2702 ἦνό

81 2725 229 2810 οὐρανὸς
251 2726 306 2791 καὶ
330 2729 420 2792 ἔστιν
443 2725 537 2814 νῦν),
565 2726 649 2791 ἀλλά
671 2729 757 2792 καθὸ
786 2723 829 2810 ἦν
854 2736 918 2792 νῦν
941 2729 1095 2810 δηλονότι
1111 2750 1137 2789 το

81 2832 272 2898 οὐκέστιν·
301 2834 338 2896 τὸ
362 2834 425 2918 γάρ
453 2829 539 2899 εἶναι
565 2834 668 2898 αὐτοῦ
696 2835 732 2897 τὸ
760 2833 797 2898 ἐν
819 2842 865 2921 τῷ
888 2836 1096 2921 παρῳχηκότι

83 2940 195 3026 χρόνῳ
218 2948 283 3004 νῦν
302 2939 363 3004 οὐκ
382 2942 484 3005 ἔστιν·
508 2941 594 3005 οὕτω
614 2942 676 3026 γὰρ
696 2942 733 3004 τὸ
752 2941 947 3028 τιαρῳχηκὸς
966 2938 1097 3017 ἐνεστὸς

82 3042 136 3128 ἦν.
181 3047 279 3129 ὥστε,
309 3046 395 3111 καθὸ
423 3047 460 3110 τὸ
488 3042 532 3130 ἦν
558 3071 649 3124 τινος
676 3044 928 3133 κατηλγορεῑται,
957 3048 1150 3111 κατάῐοιῦν·

83 3153 148 3235 τὴν
175 3153 301 3236 ἀτομον
328 3152 458 3236 ἐκείνην
483 3151 627 3238 ὕπαρξιν
653 3153 714 3218 οὐκ
742 3157 831 3219 ἔστιν
859 3162 931 3217 νῦν.
977 3155 1006 3217 εί
1034 3147 1097 3217 οὖν

82 3257 160 3343 περὶ
183 3266 269 3324 θεοῦ
291 3258 398 3341 λέγων
422 3258 439 3324 ὁ
460 3260 602 3325 Πλάτων
620 3258 761 3343 <ἀγαθὸς
779 3256 833 3343 ἦν’
853 3259 914 3324 οὐκ
933 3257 970 3323 έν
988 3260 1096 3346 χρόνῳ
1111 3282 1137 3322 25

82 3375 174 3430 κοιεῑ
195 3366 233 3428 τὸ
257 3372 355 3430 θεῖον
383 3361 462 3430 οὐδὲ
485 3367 714 3449 συνθιίστησιν
741 3365 821 3430 αὐτὸ
846 3375 915 3441 τοῖς
937 3374 998 3429 τοῦ
1022 3366 1097 3450 χρό-

82 3496 148 3536 νου
172 3475 350 3556 τμημασιν,
379 3472 440 3536 οὐκ
463 3472 527 3557 ἀρα
554 3474 591 3536 τὸ
616 3467 660 3555 ἧν
687 3475 810 3558 χρόνον
837 3473 967 3547 κάντως
990 3471 1097 3553 δηλοῖ,

82 3575 163 3643 καθ’
188 3572 228 3642 οὗ
251 3576 293 3641 ἀν
316 3577 456 3661 λέγηται.
492 3577 548 3642 καλ
572 3580 690 3654 ἄλλως·
715 3577 840 3660 ἀνάγκη
864 3587 953 3642 τιᾶσα
976 3576 1097 3653 αὐτοὺς

158 3774 183 3821 2.
202 3768 274 3824 Plat.
293 3768 363 3823 Tim.
383 3769 450 3824 29ss
522 3776 546 3824 θ.
565 3769 647 3840 θεὸν]
668 3789 701 3824 ον
721 3770 749 3822 Μ
821 3776 846 3824 9.
867 3789 900 3824 ου
919 3771 997 3841 (γοῦν
1015 3767 1104 3837 ἒοτινη

82 3855 222 3909 superent.
240 3858 269 3893 m
289 3847 302 3893 1
322 3840 363 3911 M]
388 3857 437 3895 om.
453 3844 490 3910 pt
573 3846 614 3898 13.
635 3843 810 3914 αόιωριστως
829 3843 861 3900 Μ
951 3849 998 3901 Ἃ.
1017 3843 1051 3900 τό
1071 3842 1124 3916 {vx

81 3920 135 3965 τῶι
152 3910 233 3961 τνλί
295 3916 334 3961 26,
354 3914 468 3977 αγαθον
483 3912 520 3966 Μ
