2394 4208
974 136 980 149 t

32 39 850 359 -
960 164 967 177 ι

79 550 139 622 ιι]
283 512 300 535 “
362 549 410 604 οε
428 549 686 604 mmmm*
704 548 826 604 mmm
1077 551 1095 612 τ

78 712 139 779 καί
166 715 206 779 τά
232 713 386 799 ἐλάχιστα
414 716 601 796 πεποίηκεν.
647 710 862 796 δεδειγμένου
885 714 1017 795 τοίνυν,
1046 712 1097 777 ὅτι

80 844 118 885 τε
132 820 300 886 ἀδύνατον
312 818 564 906 πεπερασμένην
577 813 664 883 εἶναι
677 820 739 902 τὴν
752 827 813 883 τοῦ
832 824 918 883 θεοῦ
937 820 1097 906 δημιουρ-

80 928 182 1011 γικὴν
209 928 355 1011 δύναμιν
380 925 435 992 καί
463 926 514 991 ὅτι
542 927 681 1011 ἀπειρον
708 925 812 1009 αὐτὴν
839 920 925 990 εἰναι
959 925 1097 1011 ἀνάγκη,

76 1033 146 1099 οὐκ
174 1035 239 1119 ἀρα
266 1029 390 1116 ἀληθές
416 1034 494 1098 οὔτε
521 1033 578 1097 διὰ
604 1033 641 1096 τὸ
664 1033 836 1116 ποιητικὸν
858 1035 965 1115 μόνον
988 1039 1097 1099 αἰτιον

79 1141 161 1206 οὔτε
185 1138 229 1204 δι’
256 1141 371 1224 ἀμφω,
400 1140 437 1204 τὸ
460 1147 583 1204 ποιοῦν
605 1161 640 1203 τε
662 1137 717 1204 καί
740 1139 778 1203 τὸ
802 1141 992 1224 γινόμενον,
1014 1143 1095 1225 μήτε
1123 1165 1137 1205 ε

77 1249 220 1312 πλείονα
243 1256 311 1311 τῶν
332 1247 441 1311 ὄντων
462 1248 543 1330 μήτε
565 1248 737 1330 κρείττονα
760 1245 933 1328 γενέσθαι·
960 1248 1095 1324 ταύταις

80 1355 146 1439 γὰρ
173 1363 245 1429 ταῖς
271 1351 478 1418 ὑποθέσεσιν
505 1353 614 1417 εἵπετο
641 1351 893 1438 πεπερασμένην
920 1348 1006 1417 εἰναι
1034 1354 1096 1436 τὴν

79 1460 327 1544 δημιουργικὴν
353 1468 414 1525 τοῦ
440 1465 526 1524 θεοῦ
549 1459 710 1543 δύναμιν,
740 1459 820 1545 ὅπερ
844 1459 889 1536 ὡς
912 1461 1038 1523 ἀτοπόν
1060 1458 1099 1524 τέ

80 1564 176 1630 ἐστιν
194 1563 249 1630 καί
268 1565 436 1631 ἀδύνατον
453 1565 625 1630 δέδεικται.
649 1568 794 1629 λείπεται
813 1566 877 1651 ἀρα
895 1567 956 1649 τὴν
974 1567 1095 1649 λοιπὴν

77 1675 191 1757 μόνην
206 1683 275 1737 τῶν
291 1669 490 1738 ὑποθέσεων
507 1667 594 1737 εἶναι
609 1671 718 1754 ἀληθῆ
733 1672 794 1754 τὴν
808 1669 973 1753 λέγουσαν
986 1675 1094 1757 μόνην
1108 1698 1135 1737 ιο

75 1782 145 1862 τὴν
167 1790 233 1844 τῶν
255 1789 403 1863 γενητῶν
425 1780 532 1862 φύσιν
550 1780 660 1844 αἰτίαν
679 1773 765 1842 εἰναι
782 1785 843 1841 τοῦ
861 1779 905 1860 μη
925 1778 1093 1844 δύνασθαι

79 1888 220 1950 πλείονα
245 1884 266 1968 ἢ
299 1888 471 1971 κρείττονα
498 1885 786 1970 δημιουργείσθαι.
832 1884 861 1948 εἰ
889 1882 930 1948 δέ
958 1907 1008 1961 τις
1039 1884 1094 1951 καί

78 1994 290 2077 συγχωρήσει
313 1991 484 2076 ἀμφότερα
506 1986 592 2056 εἰναι
617 1996 722 2074 αίτια,
746 1993 783 2054 τό
806 2012 841 2054 τε
864 1998 986 2055 ποιοῦν
1009 2014 1094 2075 φημι

75 2095 136 2162 καί
160 2098 197 2162 τὸ
220 2100 413 2182 γινόμενον,
442 2105 503 2163 τοῦ
525 2098 569 2181 μὴ
594 2097 762 2162 δύνασθαι
785 2099 923 2161 πλείονα
944 2096 964 2181 ἣ
988 2101 1094 2183 κρείτ·

74 2228 162 2269 τονα
194 2204 488 2290 δημιουργείσθαι,
520 2203 646 2287 ἀνάγκη
678 2204 809 2281 πάντως
840 2204 897 2268 διὰ
926 2207 1007 2288 μίαν
1038 2203 1093 2270 καί
1108 2230 1134 2271 1⁵

75 2312 143 2394 τὴν
174 2310 279 2394 αὑτὴν
306 2313 431 2394 αἰτίαν,
465 2308 509 2375 δι’
540 2310 584 2394 ἣν
612 2310 652 2374 οὐ
681 2311 820 2375 δύναται
848 2311 886 2374 τὸ
914 2312 1094 2394 γινόμενον

77 2420 257 2500 γίνεσθαι,
284 2417 341 2481 διὰ
362 2418 424 2502 τὴν
447 2416 552 2500 αὐτὴν
573 2415 628 2480 καί
652 2417 688 2481 τὸ
712 2425 835 2481 ποιοῦν
856 2418 900 2501 μὴ
924 2416 1093 2481 δύνασθαι

74 2533 198 2588 ποιεῖν.
236 2524 279 2607 ἣν
301 2522 344 2588 ἀν
367 2518 431 2589 οὑν
452 2547 502 2600 τις
525 2524 636 2588 αἰτίαν
659 2523 773 2610 ἀποδῷ
796 2532 857 2588 τοῦ
879 2525 923 2608 μὴ
948 2524 1094 2588 δυνατὸν

78 2625 167 2695 εἰναι
195 2633 333 2695 πλείονα
360 2629 521 2714 γενέσθαι
548 2640 615 2694 τῶν
642 2628 832 2714 γενομένων
858 2629 879 2714 ἢ
909 2634 1093 2716 κρείττονα,

77 2735 219 2822 ἀπείρου
252 2760 286 2801 τε
317 2738 400 2801 κατὰ
430 2737 537 2802 πάντα
566 2746 624 2821 τῆς
654 2737 893 2823 δημιουργικῆς
920 2745 980 2801 τοῦ
1007 2742 1093 2801 θεοῦ
1107 2764 1134 2804 ω

77 2843 253 2927 δυνάμεως
280 2844 397 2927 οὔσης,
430 2843 475 2921 ὡς
502 2842 748 2926 ἀποδέδεικται,
779 2844 903 2926 ταύτην
930 2841 985 2907 καί
1012 2840 1087 2928 παρ’

76 2948 173 3033 ἡμῶν
197 2948 346 3035 δεχέσθω
369 2958 429 3015 τοῦ
447 2950 492 3034 μὴ
512 2949 682 3014 δύνασθαι
701 2947 733 3025 ἐξ
753 2947 865 3013 ἀιδίου
887 2949 948 3012 τὸν
965 2951 1092 3034 κόσμον

77 3055 290 3140 ὑφίστασθαι
308 3059 425 3142 καίπερ
444 3054 495 3121 ἀεί
515 3055 647 3138 ἀγαθοῦ
667 3052 674 3140 ἰ
691 3053 747 3120 καί
766 3054 817 3120 ἀεὶ
835 3055 1041 3143 δημιουργοῦ
1056 3073 1146 3116 rom.

75 3171 139 3227 τοῦ
166 3168 254 3227 θεοῦ
281 3162 496 3247 ὑπάρχοντος.
541 3160 597 3227 καί
624 3163 667 3246 ἥν
690 3185 727 3244 γε
749 3161 843 3245 ἡμείς
864 3161 940 3248 περὶ
962 3165 1092 3229 τούτων

77 3270 316 3353 φυσικωτάτην
334 3270 445 3334 αἰτίαν
463 3271 581 3353 ἔχομεν
599 3268 796 3352 ἀποδοῦναι,
820 3271 911 3334 ἔστιν
933 3270 1025 3353 αὕτη.
1053 3269 1089 3334 τὸ
1104 3295 1131 3336 ιτ

75 3376 219 3461 ἄπειρον
231 3376 314 3440 κατά
324 3374 451 3460 μηδένα
462 3378 589 3461 τρόπον
603 3376 772 3440 δύνασθαι
787 3374 936 3462 ἐνεργείᾳ
947 3376 1090 3459 ὑποστῆ-

76 3505 133 3546 ναι
149 3482 207 3547 διά
220 3484 387 3547 πλειόνων
397 3479 624 3567 Ἀριστοτέλης
639 3484 676 3546 έν
689 3504 724 3545 τε
737 3490 776 3567 τῇ
792 3492 918 3567 φυσικῇ
933 3481 1089 3566 ἀκροάσει

150 3716 173 3763 1,
192 3729 225 3765 το
251 3729 268 3764 ν
286 3709 423 3780 θεοείνῦν
441 3709 470 3764 M
565 3717 589 3765 9.
607 3710 636 3764 Μ
659 3725 761 3778 marga
785 3725 935 3779 σημειωσαι
958 3727 1090 3780 γρησιμος

132 3787 174 3835 16.
226 3801 237 3834 ι
266 3801 323 3848 ιαν,
341 3796 375 3835 ex
394 3801 419 3851 ν,
437 3781 467 3836 Μ
530 3786 570 3836 18.
590 3782 651 3855 τοῦ]
670 3789 720 3837 τοῦ
739 3779 1036 3858 1ἰίω.νθῐε.ἰτουλὺ

74 3856 120 3906 20.
140 3869 170 3905 τε
224 3875 234 3917 ,·
254 3850 316 3904 fort,
332 3870 367 3919 γε
447 3856 544 3920 θῦσαι
563 3853 596 3910 τί.
616 3853 694 3912 infra
714 3854 763 3916 fol.
785 3863 873 3918 2581.
954 3864 1005 3917 θλ.
1027 3857 1121 3915 mk.

67 3921 147 3984 phfl.
167 3923 224 3969 Γῦ
235 3936 264 3983 p.
280 3923 353 3970 2012
371 3925 412 3973 20.
434 3921 470 3975 de
488 3924 570 3982 caelo
587 3933 616 3984 A
631 3937 702 4005 ὅση,
