2394 4208
10 29 880 363 -

58 582 155 659 uu]
323 582 371 638 οε
389 582 646 639 mmmm
664 582 786 639 mm
997 582 1062 648 253

49 747 142 834 :obs
169 747 232 831 τὴν
253 747 365 832 ψυχὴν
386 747 424 812 τὸ
448 741 534 812 εἶναι
557 750 655 831 ἐχειν,
679 753 713 811 εί
731 769 768 831 γε
791 744 938 823 καὶτοῖς
961 745 1063 830 ἐμψύ-

54 877 130 939 Ζθῑς
157 854 308 937 σώμασιν
333 851 405 919 κατ’
431 853 511 918 άλλο
538 851 600 937 μέν
627 853 718 920 ἐστιν
744 853 781 917 τὸ
805 848 890 918 εἷναι
914 853 1064 937 σώμασιν

50 957 128 1025 κατ’
151 960 232 1024 ἄλλο
256 955 294 1024 δέ
315 960 353 1024 τὸ
378 958 537 1044 ἐμψύχοις
560 955 718 1025 εἶναικαὶ
737 955 838 1024 οὐδὲν
857 960 958 1036 εἰςτὸ
978 955 1063 1024 εἶναι

55 1067 194 1151 σώματα
215 1074 274 1150 της
295 1066 378 1151 πρὸς
399 1067 461 1149 τὴν
483 1067 594 1151 ψυχὴν
616 1064 748 1131 δέονται
771 1064 920 1150 σχέσεως,
943 1067 1004 1149 την
1027 1061 1063 1130 θλ

55 1171 237 1257 ἀσώματον
263 1173 375 1256 ψυχὴν
401 1170 456 1237 καλ
478 1173 600 1257 νοερὰν
622 1170 678 1237 καλ
701 1171 873 1237 ἀθάνατον
895 1172 938 1255 μὴ
963 1171 1064 1236 δύνα-
1091 1199 1104 1239 ε

54 1283 144 1344 σθαι
170 1276 272 1364 χωρίς
294 1279 444 1361 σώματος
465 1277 673 1361 ὑφίστασθαι
696 1276 816 1362 λέγειν,
844 1283 935 1363 είπερ
959 1278 996 1343 ἐν
1017 1286 1064 1367 τῷ

54 1378 147 1450 εἶναι
179 1383 262 1469 ἀρχὴ
294 1387 454 1468 κινήσεως
485 1386 546 1467 τὴν
576 1382 720 1470 ὕπαρξιν
751 1387 829 1469 ἔχει·
870 1393 968 1449 τοῦτο
1001 1386 1064 1471 γὰρ

52 1485 164 1556 οὐδὲν
185 1490 266 1554 άλλο
290 1488 380 1557 ἐστὶν
401 1489 421 1574 ἢ
445 1488 501 1555 καλ
524 1492 685 1574 σωμάτων
707 1493 842 1575 χείρονα
863 1491 925 1573 την
942 1492 1065 1578 νοερὰν

50 1607 118 1682 τῆς
143 1604 254 1681 ψυχῆς
280 1596 401 1661 ούσίαν
427 1607 544 1663 ποιεῖν.
590 1597 640 1662 ὄτι
669 1593 706 1662 δὲ
729 1595 784 1661 καλ
807 1597 908 1674 αὐτὸς
929 1592 1022 1663 οἶδεν
1046 1596 1063 1663 ὁ

57 1705 233 1790 Πρόκλος,
259 1702 305 1780 ὡς
331 1701 401 1768 κατ’
429 1704 509 1770 άλλο
537 1701 599 1788 μέν
625 1703 716 1769 ἐστιν
743 1713 782 1789 τῇ
805 1713 895 1789 ψυχῇ
917 1704 955 1768 τὸ
979 1699 1064 1768 εἶναι
1080 1732 1105 1772 ιο

57 1808 118 1875 καλ
144 1807 167 1892 ἡ
195 1807 309 1893 οὐσία,
336 1807 404 1873 κατ’
433 1811 513 1875 άλλο
541 1806 578 1874 δέ
605 1811 643 1875 τὸ
672 1809 754 1895 ἀρχῇ
782 1813 942 1894 κινήσεως
968 1804 1065 1891 εἶναι,

54 1913 117 1981 καί
140 1914 203 1998 ὅτι,
226 1920 290 1979 εῖτε
312 1920 436 2001 θεωρεῖ
458 1922 522 1980 εῖτε
542 1919 693 1995 ζωοποιεῖ
710 1917 747 1980 τὸ
768 1926 861 2000 σῶμα
878 1922 943 1981 εῖτε
962 1917 1066 1999 άλλην

55 2021 137 2087 τινά
159 2023 294 2104 κίνησιν
316 2021 398 2086 αὐτὸ
421 2032 521 2106 κινεῖ,
543 2032 646 2086 ταῦτα
667 2022 774 2086 πάντα
793 2021 941 2108 ἐνέργεια
958 2033 1066 2107 ψυχῆς

59 2125 154 2193 ἐστιν
182 2124 238 2192 καλ
265 2127 327 2193 οὐκ
354 2127 467 2213 οὐσία,
488 2127 493 2215 Ι
516 2124 560 2211 ἦν
582 2123 643 2212 μὲν
666 2126 702 2191 ἐκ
723 2131 858 2192 πολλῶν
880 2129 983 2194 αὐτοῦ
1006 2146 1047 2188 101·
1057 2148 1118 2188 1⁰²1·

58 2232 117 2299 καλ
149 2234 260 2298 ἄλλων
291 2236 557 2320 συγγραμμάτων
587 2234 833 2315 πιστώσασθαι,
865 2234 996 2320 ἀρκέσει
1029 2233 1066 2301 δέ
1081 2262 1106 2303 ιε

57 2339 117 2406 καλ
139 2342 221 2424 μίαν
244 2337 279 2404 ἐκ
301 2350 369 2404 τῶν
391 2346 439 2417 εῖς
460 2341 521 2405 τὸν
541 2341 692 2425 Φαῖδρον
713 2338 959 2424 ὑπομνημάτων
976 2364 1066 2426 περι-

60 2447 171 2530 κοπὴν
196 2443 425 2530 παραθέσθαι·
454 2447 514 2510 τὸν
536 2447 599 2532 γάρ
622 2449 841 2531 προκείμενον
862 2445 937 2531 περὶ
960 2457 1066 2531 ψυχῆς

60 2554 168 2636 λόγον
196 2552 256 2617 τὸν
286 2552 467 2628 Πλάτωνος
497 2550 715 2637 ἐξηγούμενος
746 2552 848 2615 ταῦτά
880 2569 984 2634 φησιν
1014 2550 1066 2616 ἐπλ

66 2656 183 2735 λίξεως
211 2656 347 2722 ἐἰδέναι
375 2658 441 2742 δεῖ,
469 2658 518 2723 ὅτι
547 2658 584 2723 ἐν
606 2656 668 2743 μὲν
689 2666 735 2746 τῷ
761 2658 909 2723 Φαίδωνι
933 2659 989 2723 διὰ
1010 2668 1068 2742 τῆς

66 2763 279 2849 ἀναμνήσεως
306 2766 550 2848 κατεσκεύαζεν,
578 2765 628 2830 ὅτι
652 2765 820 2842 ἀθάνατος
842 2765 862 2848 ἡ
885 2770 990 2849 ψυχή,
1013 2763 1067 2830 καὶ
1082 2793 1108 2832 ιο

65 2871 122 2936 διὰ
144 2880 203 2954 τῆς
224 2871 308 2955 πρὸς
329 2871 370 2934 τὰ
392 2876 471 2936 θεῖα
494 2870 682 2955 ὁμοιώσεως
704 2870 759 2936 καλ
782 2871 839 2936 διά
860 2880 921 2935 τοῦ
944 2870 1069 2956 ἑτέροις

67 2978 150 3061 ζωὴν
178 2986 346 3060 χορηγεῖν·
377 2986 481 3042 ταῦτα
508 2975 546 3043 δὲ
572 2979 679 3042 πάντα
706 2977 871 3063 ἐνέργειαί
896 2978 983 3041 εῖσιν
1012 2987 1069 3061 τῆς

65 3092 185 3168 ψυχῆς·
209 3083 292 3147 ὥστε
315 3081 352 3146 ἐν
372 3084 522 3149 Φαίδωνι
546 3083 582 3148 ἐκ
604 3095 671 3148 τῶν
694 3082 870 3169 ἐνεργειῶν
887 3093 944 3167 τῆς
962 3094 1069 3168 ψυχῆς

65 3193 229 3276 προήγετο
257 3189 277 3272 ἡ
305 3188 480 3267 ἀπόδειξις.
526 3190 674 3255 ἐνταῦθα
697 3186 733 3254 θλ
756 3192 818 3274 την
840 3187 1011 3266 ἀπόδειξιν
1034 3188 1086 3254 ἐκ.

66 3305 124 3380 τῆς
145 3296 264 3373 οὐσίας
287 3297 445 3380 λαμβάνει
469 3307 527 3381 τῆς
544 3308 665 3381 ψυχῆς·
689 3296 756 3384 ὅσω
776 3291 875 3380 οὖνὴ
895 3296 994 3361 οὐσία
1012 3306 1069 3379 τῆς
1083 3321 1109 3362 ιε

67 3412 173 3488 ψυχῆς
202 3401 387 3489 τελειοτέρα
415 3401 470 3467 καὶ
500 3408 658 3490 κρείττων
684 3413 741 3487 τῆς
770 3402 936 3489 ἐνεργείας
959 3402 1069 3487 αὐτῆς,

67 3510 213 3596 τοσούτῳ
241 3507 296 3573 καλ
322 3509 343 3592 ἡ
373 3508 520 3573 ἐνταῦθα
542 3509 697 3595 περὶτῆς
720 3508 905 3586 ἀθανασίας
927 3519 984 3594 τῆς
1006 3520 1069 3586 ιγν-

138 3741 180 3790 17.
200 3736 409 3806 παρλαλθεσθαι
428 3736 457 3789 Μ
521 3742 562 3790 18.
581 3736 644 3791 fort.
663 3745 713 3791 τοῦ
733 3735 881 3798 Πλάτωνος
944 3742 985 3790 19.
1005 3757 1070 3805 φαι·

68 3805 172 3878 θΙωῙνι,
191 3821 224 3860 ex
242 3826 290 3874 ρει,
309 3807 338 3859 M
414 3813 455 3862 22.
474 3827 610 3879 χωρηγειν
627 3807 657 3861 Μ
733 3814 777 3863 23.
796 3809 940 3878 φαιδρωνι
953 3806 991 3861 Μ

60 3879 252 4010 Ιῖοῖᾰνχιχεχῗον
266 3878 301 3928 Μ
314 3881 360 3946 (οε.
377 3881 423 3948 μί)
512 3881 629 3956 αοτῖηλς
646 3880 677 3937 M
770 3888 817 3939 27.
836 3899 957 3938 τοοοντο
971 3879 1025 3948 m
1048 3897 1097 3931 το-
