2394 4208
73 564 162 617 xvm
177 566 202 634 ε]
339 561 388 616 οε
406 560 665 617 mmmm
683 561 805 617 Μτεοι
1018 558 1081 623 627

75 736 176 791 οῦτον
196 726 255 791 δυ’.
289 726 391 789 πάλιν
414 725 432 790 ό
456 724 556 801 αὐτὸς
579 723 617 788 ἐν
639 735 709 801 τοῖς
728 722 800 809 ἑξῆς
819 723 944 806 ’ἐπειδὴ
965 724 1027 806 γὰρ
1046 723 1083 786 τὸ

74 831 136 917 μὲν
163 842 229 896 πᾶν
256 830 516 916 πεπερασμένον,
543 831 580 895 τὸ
609 826 646 894 δὲ
672 830 923 917 πεπερασμένον
946 830 1085 914 ἄπειρον

75 939 137 1004 οὐκ
161 941 226 1022 ἔχει
250 938 404 1022 δύναμιν,
428 939 472 1015 ὡς
496 935 630 1020 ἔδειξεν,
648 937 685 1001 τὸ
710 933 747 1001 δὲ
769 945 888 1003 κινοῦν
910 937 972 1019 τὴν
994 936 1084 999 ἄπει-

75 1071 138 1131 ρον
165 1049 297 1127 κίνησιν
324 1044 447 1131 ἀπείρῳ
476 1044 617 1128 δυνάμει
646 1054 746 1127 κινεῖ,
774 1045 931 1127 δηλονότι
954 1042 992 1106 τδ
1015 1040 1085 1107 ἀκί-

75 1177 177 1235 νητον
200 1152 350 1235 <αίτιον>
372 1161 429 1235 τῆς
457 1150 597 1238 ἀπείρου
625 1158 671 1238 τῷ
699 1149 797 1215 παντὶ
821 1154 980 1234 κινήσεως
1004 1148 1083 1214 αὐτὸ
1111 1176 1124 1216 ε

76 1261 136 1342 τὴν
160 1260 299 1342 ἄπειρον
321 1260 386 1341 ἔχει
411 1257 564 1341 δύναμιν.
609 1257 692 1321 ὥστε
715 1258 744 1320 εἰ
767 1264 813 1343 τῷ
836 1260 923 1344 λόγῳ
943 1260 1085 1344 χωρίσῃς

76 1364 206 1428 ἐκείνου
234 1364 270 1427 τὸ
298 1373 380 1446 πᾶν,
414 1364 455 1428 οὐ
483 1366 650 1448 κινήσεται
679 1365 725 1440 εἰς
753 1365 892 1448 ἄπειρον
919 1363 981 1427 οὐκ
1008 1365 1085 1448 ἔχον

76 1472 221 1554 δύναμιν
253 1471 405 1554 ἄπειρον,
439 1467 511 1533 ἀλλ’
543 1467 608 1547 ἕξει
641 1479 700 1534 τοῦ
737 1477 904 1535 κινεῖσθαι
941 1472 1084 1533 παῦλαν·

76 1577 135 1642 ἐὰν
163 1574 199 1641 δὲ
226 1577 327 1640 πόλιν
355 1577 507 1662 συνύψρς
531 1575 612 1641 αὐτὸ
637 1574 765 1664 ἐκείνῳ,
794 1573 839 1640 δι’
863 1574 970 1640 ἐκεῖνο
993 1577 1084 1658 κινύ-

77 1704 167 1748 σεται
192 1685 238 1760 εῑς
266 1685 412 1768 ἄπειρον.
458 1681 514 1747 καὶ
538 1680 639 1748 ούδίν
662 1706 699 1766 γε
723 1683 847 1747 ύτοπον
870 1679 914 1745 δι’
938 1679 1085 1756 ἐπινοίας
1100 1707 1125 1746 ιο

75 1793 114 1854 τύ
150 1788 343 1874 συνημμένα
375 1792 536 1876 χωρίζειν,
568 1789 624 1853 ἵνα
653 1790 848 1872 κατίδωμεν,
879 1791 913 1851 τί
939 1808 1018 1851 ποτε
1050 1786 1085 1851 ἐκ

75 1897 221 1982 θατέρου
250 1894 380 1984 θατέρῳ
407 1896 575 1986 πάρεστιν,
603 1893 656 1959 καί
684 1895 873 1971 κατιδόντες
902 1896 1084 1977 νοήσωμεν,

75 2009 110 2067 τί
130 2001 190 2087 μὲν
214 2003 277 2068 ἀπὸ
301 2014 360 2086 τῆς
383 2000 503 2066 ἑαυτοῦ
528 2003 659 2085 φύσεως
683 2004 748 2085 ἔχει
771 2001 809 2066 τὸ
838 2011 960 2088 χεῖρον,
988 2003 1023 2063 τί
1047 1997 1084 2065 δὲ

77 2110 140 2173 ἀπὸ
171 2121 228 2194 τῆς
258 2111 341 2194 πρὸς
370 2110 407 2173 τὸ
438 2119 589 2194 κρελττον
621 2106 820 2191 συντάξεως,
853 2110 882 2172 εἰ
915 2107 996 2172 ὅσον
1028 2104 1079 2190 ἐφ’

77 2215 183 2302 ἑαυτῷ
206 2218 242 2280 τὸ
268 2215 318 2280 ἀεὶ
342 2212 428 2279 εἶναι
452 2215 513 2280 οὐκ
537 2217 602 2299 ἔχει
627 2214 644 2279 ὁ
667 2216 790 2299 κόσμος
809 2213 892 2279 ἀλλὰ
910 2217 1085 2298 γινόμενος
1099 2239 1124 2281 ιε

77 2324 124 2385 ὢν
152 2321 206 2385 καὶ
230 2321 458 2405 ἀπολλύμενος
482 2324 586 2398 ὅντως
609 2317 646 2386 δὲ
674 2319 836 2405 μηδέποτε
860 2321 907 2385 ὢν
931 2320 967 2386 ἐν
989 2344 1084 2405 μετα-

76 2432 159 2513 βολῇ
187 2427 242 2491 καὶ
270 2427 443 2494 ἀλλοιώσει
472 2430 509 2494 τὸ
536 2424 621 2493 εἶναι
645 2431 720 2512 ἔχει.
765 2426 940 2492 καὶτοῦτο
964 2424 1026 2512 μὲν
1050 2426 1085 2492 ἐκ

77 2545 134 2617 τῆς
164 2534 267 2598 αὐτοῦ
297 2536 430 2618 φύσεως
460 2534 550 2623 αὐτῷ
580 2537 768 2620 πρόσεστιν,
795 2535 832 2599 τὸ
861 2530 898 2599 δὲ
925 2533 975 2598 ἀεὶ
999 2529 1084 2598 εἶναι

78 2640 251 2723 ἐπίκτητον
279 2641 367 2728 αύτῷ
395 2641 431 2706 ἐκ
458 2651 516 2725 τῆς
542 2642 626 2727 πρὸς
652 2642 689 2705 τὸ
719 2651 870 2726 κρεῖττον
892 2639 946 2705 καὶ
970 2638 1020 2704 ἀεὶ
1044 2639 1085 2705 όν

78 2746 257 2829 ἐπιγίνεται
286 2746 491 2825 συντύξεως’.
538 2749 567 2812 εἰ
589 2756 692 2811 ταῦτα
719 2751 826 2824 καλῶς
849 2745 902 2811 καὶ
928 2748 1088 2811 Πλάτωνί
1098 2772 1125 2810 κο

77 2877 111 2916 τε
135 2851 188 2917 καὶ
213 2852 302 2940 αύτῷ
325 2861 371 2941 τῷ
391 2854 535 2941 Πρόκλῳ
559 2854 749 2930 δοκούντως
772 2851 871 2940 ἐντῷ
890 2851 1083 2940 μνημονευλ

77 2957 172 3023 θέντι
206 2965 331 3044 εἴρηται
364 2962 468 3047 λόγῳ,
503 2969 573 3036 πῶς
608 2957 754 3023 ἐνταῦθα
787 2960 917 3035 τούτοις
948 2959 1005 3034 τὰς
1024 2974 1137 3016 tomen.

78 3066 229 3142 ἐναντίας
252 3065 380 3149 ἀφῆκεν
404 3064 533 3149 φωνάς,
562 3063 599 3129 ἐν
622 3056 672 3142 οἷς
695 3083 800 3148 φησιν
823 3060 914 3129 ὀὐδὲ
937 3066 1000 3149 γὰρ
1023 3072 1084 3128 τοῦ

77 3179 162 3236 θεοῦ
186 3172 342 3248 ὡσαύτως
361 3174 495 3255 ἔχοντος
514 3171 574 3235 τὸν
591 3173 719 3254 κόσμον
737 3169 824 3253 λέγει
844 3171 960 3234 ἄλλοτε
979 3171 1084 3246 ἄλλως

77 3283 165 3362 ἔχειν
195 3279 239 3354 ὡς
269 3275 312 3341 δι’
343 3274 462 3342 ἑαυτὸν
493 3279 609 3361 ἔχοντα
638 3277 675 3341 τὸ
706 3277 822 3341 ύλλοτε
852 3277 972 3359 ἄλλως,
1003 3275 1083 3361 ὅπερ
1098 3302 1124 3342 ιε

151 3478 173 3524 1.
195 3471 228 3524 cf.
243 3487 307 3540 pag.
323 3475 383 3538 239,
400 3478 439 3524 16.
460 3474 550 3536 299,7
642 3475 666 3523 2,
678 3475 702 3522 3.
722 3470 774 3524 ούκ
792 3468 847 3539 ἔχει
866 3468 987 3536 δύναμιν
1006 3467 1083 3522 ἄπει-

76 3561 127 3610 ρον
147 3547 256 3609 239,17
377 3548 401 3595 4.
421 3539 531 3610 κίνησιν
549 3545 667 3609 239,19.
686 3546 747 3607 299,
762 3541 790 3611 9]
810 3541 931 3607 δύναμιν
949 3539 978 3592 M

76 3621 100 3666 5.
122 3612 213 3666 αἴτιον
237 3613 300 3666 add.
321 3618 386 3679 239,
402 3617 443 3666 20.
469 3616 583 3679 299,19
698 3613 758 3682 [ται
780 3629 865 3665 παντι
888 3611 1032 3680 κιῙυησεως
1055 3611 1084 3663 Μ

148 3684 276 3753 εειΜ]
301 3683 350 3737 ἐὰν
374 3689 500 3751 νεύει.
525 3688 639 3750 νοντα
749 3688 789 3735 ιο.
814 3700 844 3751 γε
864 3681 888 3752 [Ι
906 3682 961 3735 litt.
980 3682 1030 3751 en]
1055 3682 1083 3734 Μ

150 3761 190 3809 12,
209 3755 359 3824 θλατελρου
378 3753 407 3806 Μ
502 3759 543 3806 14.
564 3753 713 3823 [κρειττολν
731 3752 761 3805 Μ
852 3750 1071 3820 16.α1λ.ὢνρλ

75 3846 132 3877 των
151 3824 179 3876 Μ
237 3832 277 3878 21.
298 3826 449 3886 δοκουντος
467 3824 495 3877 Μ
515 3826 562 3892 (cr.
581 3827 610 3893 p)
665 3829 708 3879 23.
728 3824 1054 3896 ευλδωωῑελυαυτιαω

141 3947 206 3998 pag.
223 3936 282 3999 606,
295 3935 328 3983 26
402 3936 445 3989 26,
465 3914 655 4008 εαύλεχολντα
671 3933 706 3987 Μ
725 3930 846 4002 Qum&
863 3929 916 3999 Q
925 4008 979 4063 m*
