2394 4208
698 30 721 59 ἐ’

750 78 755 111 Ι

10 29 852 336 m

65 569 117 641 IX]
333 567 796 625 οειεεεκειεενειιτιιοι
1009 566 1075 632 315

67 733 211 796 Πλάτων
238 737 378 816 εἴρηκεν.
423 730 461 796 ἐν
487 724 529 818 ᾧ,
557 732 602 809 ὡς
629 731 680 797 ὅτι
703 731 770 797 δέει
793 740 853 798 τοῦ
877 733 984 816 δήμου
1007 741 1075 796 τῶν

60 837 251 922 Ἀθηναίων
278 838 320 902 οὐ
346 839 387 902 τά
414 835 520 925 ἑαυτῷ
548 838 714 904 δοκοῦντα
741 838 759 904 ὁ
784 839 927 903 Πλάτων
953 840 1075 922 ἔλεγεν.

133 943 170 1009 ε’.
195 942 265 1008 Ὅτι
297 942 330 1022 ἐξ
363 939 411 1010 ὧν
443 943 539 1009 αὐτοὶ
571 945 756 1010 δεδώκασιν
786 945 867 1028 ἡμῖν
898 946 1075 1028 λημμάτων

64 1051 316 1134 ἀποδείκνυται,
347 1051 392 1128 ῶς
421 1049 590 1117 ἀδύνατον
619 1053 703 1117 θεὸν
733 1046 820 1116 εἶναι
852 1051 913 1116 τὸν
940 1055 1076 1135 κόσμον.

65 1157 103 1222 ἐν
133 1151 174 1244 ᾧ,
206 1159 255 1223 ὅτι
286 1146 348 1223 οὐκ
378 1161 468 1224 ἔστιν
498 1157 723 1242 ἀμετάβλητον
751 1159 789 1222 τὸ
817 1159 899 1222 κατὰ
926 1159 965 1222 τά
992 1157 1074 1242 μέρη
1101 1180 1115 1223 ε

62 1265 280 1346 μεταβάλλον.

132 1369 173 1443 ς’.
198 1368 268 1434 Ὅτι
295 1369 350 1435 καὶ
378 1369 396 1435 ὁ
424 1373 547 1453 κόσμος
575 1371 723 1447 δεκτικός
750 1368 841 1435 ἐστιν
867 1380 925 1454 τῆς
957 1372 1004 1447 εἰς
1036 1371 1073 1435 τὸ

62 1478 153 1560 παρὰ
189 1479 295 1560 φύσιν
331 1475 504 1562 ἐκτροπῆς,
540 1477 611 1560 ἥτις
642 1486 712 1552 τοίς
744 1475 982 1560 φθειρομένοις
1012 1486 1075 1542 τοῦ

63 1586 273 1668 φθείρεσθαί
294 1581 384 1649 ἐστιν
407 1583 502 1647 αἰτία

132 1687 168 1768 ζ’.
194 1688 278 1773 Ὅτι,
307 1694 399 1774 είπερ
427 1688 605 1772 δέδεικται,
633 1689 678 1766 ῶς
705 1691 795 1754 ἔστιν
822 1712 852 1753 τι
881 1694 989 1755 αίτιον
1015 1700 1114 1774 τῆς-ιο

63 1804 124 1861 τοῦ
155 1798 281 1879 κόσμον
312 1801 461 1879 φθορᾶς,
493 1793 619 1880 ἀνάγκη
652 1796 760 1880 δήπου
791 1796 873 1860 κατὰ
904 1797 962 1872 τὰς
992 1795 1074 1861 ὑπο-

61 1901 176 1979 θέσεις
202 1911 263 1966 τοῦ
287 1905 444 1986 Πρόκλον
473 1897 563 1967 εἶναι’
586 1926 617 1966 τι
643 1901 700 1967 καὶ
728 1904 782 1985 τό,
805 1899 838 1978 ἐξ
862 1895 904 1967 οὗ
926 1900 1073 1984 γέγονεν.

129 2006 173 2092 η’.
202 2007 355 2092 Ἀπορία,
383 2008 433 2073 ὅτι
466 2005 569 2073 οὐδέν
598 2007 637 2073 ἐκ
662 2018 724 2073 τοῦ
752 2009 885 2094 μηδαμῇ
917 2008 1074 2092 μηδαμῶς

61 2118 159 2192 ὄντος
188 2114 353 2199 ἐνδέχεται
380 2114 538 2198 γενέσθαι
565 2113 620 2179 καὶ
648 2115 705 2179 διὰ
731 2123 830 2180 τοῦτο
858 2112 996 2179 καὶτὸν
1018 2117 1073 2178 κό-

61 2240 150 2306 σμον
172 2221 297 2304 ἀνάγκη
322 2220 483 2305 ἀγένητον
506 2217 602 2286 εἶναι.
1086 2248 1111 2289 ιι

129 2327 177 2393 θ’.
203 2326 272 2392 Ὅτι
296 2327 359 2392 οὐκ
381 2326 523 2410 ἀνάγκη,
546 2328 655 2413 ὥσπερ
677 2337 746 2392 τῶν
767 2337 912 2413 μερικῶν
934 2325 1073 2393 ἕκαστον

62 2435 127 2499 ὑπὸ
152 2444 209 2518 τῆς
232 2435 364 2517 φύσεως
387 2437 513 2516 γίνεται
536 2435 597 2516 τὴν
619 2434 705 2517 ὕλην
728 2433 764 2498 ἐκ
781 2445 848 2499 τῶν
867 2435 974 2498 ὄντων
992 2437 1072 2518 λαμ-

61 2541 244 2624 βανούσης,
279 2540 384 2616 οὕτως
413 2538 468 2604 καὶ
498 2540 559 2604 τὸν
585 2541 679 2624 θεόν,
708 2546 799 2624 είπερ
822 2541 970 2625 μὴδντα
992 2543 1072 2625 πρό-

60 2667 160 2731 τερον
177 2647 237 2711 τὸν
260 2649 386 2730 κόσμον
408 2650 598 2729 πεποίηκεν,
622 2645 657 2711 ἐκ
674 2645 963 2730 προῦποκειμένον
980 2647 1073 2725 τινὸς

60 2752 165 2818 αὐτὸν
193 2750 525 2837 δεδημιουργηκέναι,
553 2752 753 2818 τούναντίον
780 2748 818 2818 δὲ
841 2754 930 2817 ἅπαν
952 2750 988 2816 ἐκ
1010 2761 1071 2818 τοῦ
1085 2780 1111 2820 ιο

59 2861 104 2943 μὴ
128 2861 228 2936 ὄντος
249 2861 315 2943 ἅμα
337 2867 383 2946 τῷ
407 2859 488 2924 είδει
513 2857 616 2924 αὐτοῦ
635 2857 689 2925 καὶ
708 2860 745 2924 τὸ
764 2859 986 2942 ὑποκείμενον
1003 2859 1071 2924 ὑπὸ

59 2972 145 3030 θεοῦ
168 2966 379 3049 παράγεσθαι
402 2964 537 3049 ἀνάγκη.

127 3069 162 3135 ι’.
188 3068 257 3134 Ὅτι
281 3070 301 3154 ἢ
326 3069 554 3155 ἐξομοιοῦντες
575 3073 637 3156 την
658 3080 719 3137 τοῦ
739 3073 863 3149 παντὸς
881 3072 1013 3156 γένεσιν
1030 3083 1070 3158 τῇ

59 3188 127 3243 τῶν
164 3187 309 3262 μερικῶν
345 3177 471 3261 γενέσει
507 3180 734 3265 προϋπάρχειν
769 3187 830 3244 τοῦ
865 3181 992 3262 κόσμον
1032 3180 1070 3242 τὸ

58 3285 233 3368 ποιητικὸν
266 3282 369 3348 αὐτοῦ
402 3289 510 3349 αίτιον
543 3283 576 3362 ἐξ
608 3284 752 3369 ἀνάγκης
784 3287 1109 3371 συγχωρησονσιν,ιε

60 3391 169 3476 ὥσπερ
200 3388 255 3453 καὶ
286 3401 353 3455 τῶν
384 3401 528 3477 μερικῶν
560 3393 787 3477 προϋπάρχειν
818 3393 856 3456 τὸ
887 3397 1005 3474 αἴτιον,
1034 3393 1070 3475 ἥ,

61 3503 151 3584 είπερ
180 3498 224 3580 μὴ
253 3497 292 3560 τά
321 3496 404 3561 αὐτὰ
431 3507 470 3582 τη
498 3506 558 3562 τοῦ
583 3497 664 3563 ὅλου
687 3498 814 3581 γενέσει
838 3496 963 3582 ἕπεται,
987 3499 1069 3582 άπερ

60 3602 114 3668 καὶ
138 3613 177 3689 τῇ
201 3612 268 3666 τῶν
291 3613 437 3687 μερικῶν
464 3603 606 3687 γενέσει,
633 3614 701 3669 τῶν
728 3614 873 3689 μερικῶν
901 3602 938 3681 ἐξ
962 3605 1070 3669 ὄντων

130 3866 246 3950 73⁸²ch
269 3866 302 3916 M
417 3872 459 3923 11.
489 3869 648 3943 αλνλανκη,
677 3887 715 3928 ex
742 3894 779 3944 η,
801 3871 838 3927 M
959 3869 1014 3919 κο.
1038 3861 1116 3912 zm.

48 3938 219 4000 ’ἀναπαρῖει
331 3940 372 3990 28.
393 3951 522 4009 μερικῶν
542 3947 628 4018 (ante
648 3945 708 4022 ἐξῆ
728 3965 827 4019 μερῶν
845 3942 884 3998 οἱ
