2394 4208
77 548 131 604 vn
144 550 192 623 20]
343 548 392 604 DE
410 548 668 604 AETERNITATE
686 548 808 604 MVNDI
1019 548 1085 614 289

77 707 142 777 οὖν
169 722 234 796 γῆν
261 711 298 776 έν
325 720 371 800 τῷ
398 711 486 800 μέσῳ
514 721 574 779 τοῦ
596 714 720 790 παντὸς
742 712 965 799 ὐφιὸρύσατο,
988 714 1026 778 τὸ
1050 711 1080 778 6’

77 818 173 902 ὕδωρ
198 817 251 883 έπλ
274 820 391 905 ταύτῃ,
415 815 485 884 εἶτα
507 821 566 885 τὸν
589 817 683 905 ἀέρα,
705 818 773 905 μετ’
797 819 926 886 ἐκείνου
948 820 985 884 τὸ
1008 829 1086 904 πῦρ,

77 923 140 1002 ἔξω
169 921 206 989 δέ
233 925 368 990 πάντων
395 927 432 991 τὸ
461 927 779 1012 κυκλοφορούμενον
802 938 908 1011 σῶμα,
936 926 1021 1009 λέγω
1045 926 1085 1009 δὴ

77 1032 115 1095 τὸ
140 1031 312 1116 οὐράνιον,
334 1033 538 1118 περιέβαλεν.
585 1033 602 1098 6
627 1032 727 1110 αὐτὸς
749 1031 789 1097 δέ
810 1032 900 1097 ἐστιν
923 1034 1004 1098 κατὰ
1023 1033 1086 1116 φύ-

79 1155 136 1202 σιν
159 1140 260 1216 τύπος
282 1147 328 1227 τῷ
351 1162 385 1202 τε
408 1139 507 1204 παντὶ
530 1138 649 1226 καὶτῷ
668 1139 772 1225 μέρει·
796 1139 813 1203 6
833 1141 895 1225 γὰρ
915 1149 972 1223 τῆς
991 1135 1085 1225 ὐληςΙ
1114 1164 1128 1204 ι

78 1255 141 1328 γῆς
164 1246 245 1309 κατὰ
268 1247 374 1328 φύσιν
396 1247 497 1323 τόπος
520 1241 618 1323 οὗτος
636 1245 691 1311 καί
710 1256 767 1329 τῆς
785 1247 897 1328 βώλου
917 1243 1008 1310 έστλν
1026 1260 1141 1303 solam*-

77 1353 162 1416 κατὰ
189 1352 305 1436 φύσιν,
334 1351 417 1437 λέγω
446 1354 487 1435 δὴ
515 1352 552 1417 τὸ
580 1351 729 1438 κέντρον,
756 1349 811 1416 καὶ
840 1351 858 1416 6
881 1361 941 1416 τοῦ
964 1351 1088 1428 παντὸς

76 1457 230 1542 οὐρανοῦ
260 1460 382 1535 οίκείος
411 1460 512 1535 τόπος
546 1454 644 1535 οὗτος
675 1457 729 1523 καὶ
761 1467 822 1523 τοῦ
854 1457 975 1544 μέρους
1007 1458 1088 1521 κατὰ

77 1565 197 1648 φύσιν,
221 1564 276 1629 καὶ
300 1564 353 1630 ἐπὶ
376 1576 443 1630 τῶν
466 1571 593 1630 λοιπῶν
616 1567 779 1642 ὡσαύτως.
817 1567 846 1629 εί
865 1560 928 1629 οὐν
945 1574 1003 1648 τῆς
1021 1574 1089 1628 τῶν

76 1670 408 1757 κυκλοφορουμέναν
446 1671 536 1738 ἐστὶν
568 1672 698 1755 οὐσίας,
730 1670 901 1738 τουτέστιν
932 1681 990 1756 τῆς
1021 1681 1089 1735 τῶν
1102 1698 1129 1736 ιο

76 1777 260 1861 οὐρανίων,
283 1779 321 1842 τὸ
345 1780 390 1855 ὥς
413 1795 517 1862 φασιν
540 1778 652 1844 ἀίδιον
675 1789 783 1863 σῶμα,
806 1772 833 1867 β
852 1788 961 1843 πᾶσαν
979 1779 1089 1862 ψυχὴν

77 1882 311 1967 ἐπιβεβηκέναι
334 1885 453 1971 πρώτῳ
477 1883 582 1968 φησὶν
605 1885 623 1950 6
649 1888 816 1970 Πρόκλος,
835 1884 961 1970 ὐνιίμκμ
980 1885 1089 1968 δήπου

76 1988 135 2055 καὶ
163 1993 264 2067 τόπος
291 1989 380 2078 αὐτῷ
408 1991 489 2055 κατὰ
517 1992 622 2074 φύσιν
649 1993 754 2074 ἔσται,
784 1991 884 2076 ὅσπερ
913 1989 968 2055 καὶ
991 1988 1089 2055 παντὶ

77 2103 127 2183 τῷ
152 2095 298 2183 οὐρανίςο
322 2096 422 2178 ἐστίν,
445 2096 617 2161 τουτέστιν
640 2096 657 2162 6
681 2095 783 2182 πέριξ.
821 2097 947 2162 οὐκοῦν
965 2096 1002 2161 έν
1020 2107 1090 2173 τοῖς

77 2200 156 2286 περὶ
185 2212 249 2286 γῆν
276 2205 390 2280 τύποις
416 2212 482 2268 νῦν
508 2213 566 2287 τῆς
593 2213 701 2288 ψυχῆς
729 2203 946 2287 ὐιαιτωμένης
973 2201 1027 2268 καὶ
1050 2203 1088 2267 τὸ
1103 2226 1129 2268 15

78 2309 238 2392 φθαρτὸν
271 2307 417 2374 ἐνταῦθα
450 2310 642 2393 διοικούσης
678 2321 771 2394 σῶμα
807 2310 932 2394 ἀνάγκη
965 2309 1020 2375 καὶ
1052 2309 1089 2373 τὸ

79 2414 195 2481 ἀίδιον
222 2414 329 2480 έκεῖνο
358 2426 451 2500 σῶμα
477 2417 539 2499 τὴν
566 2417 650 2501 πρὸς
680 2417 716 2481 τὸ
748 2418 904 2501 φθαρτὸν
934 2414 1090 2492 ἀναδεξά-

77 2544 185 2606 μενον
211 2521 326 2606 σχέσιν
352 2524 441 2608 παρύ
469 2523 575 2605 φύσιν
604 2533 668 2588 νῦν
697 2523 733 2588 έν
761 2520 928 2609 τοῖςπερὶ
953 2532 1015 2606 γῆν
1039 2520 1090 2585 έν-

79 2629 277 2693 διαιτᾶσθαι
306 2630 428 2705 τύποις.
474 2623 524 2714 ἆρ’
549 2623 613 2693 οὖν
635 2627 857 2712 έκανήξουσίν
879 2650 958 2692 ποτε
981 2625 1091 2692 έκεῑνα

79 2733 122 2797 τὰ
153 2735 288 2817 σώματα
320 2732 373 2798 έπλ
405 2735 466 2817 τὴν
499 2735 625 2799 οἰκείαν
657 2733 798 2816 ὁλότητα
829 2731 885 2797 καὶ
917 2742 977 2798 τοῦ
1010 2735 1091 2798 κατὰ
1105 2759 1131 2798 ιο

80 2841 190 2924 φύσιν
216 2838 388 2916 τεύξονται
415 2842 519 2904 τόπου
548 2838 568 2922 ἢ
597 2840 652 2918 οὐ;
689 2841 718 2904 εί
745 2835 807 2923 μὲν
835 2834 897 2904 οὖν
927 2838 1091 2923 μηδέποτε

79 2953 121 3030 τῇ
150 2945 256 3032 οἰκεία
285 2943 417 3009 ἑνοῦται
442 2944 572 3027 ὁλότητι
596 2948 676 3028 μήτε
698 2953 758 3009 τοῦ
781 2946 863 3010 κατὰ
886 2947 991 3028 φύσιν
1013 2970 1091 3030 τυγ-

79 3052 245 3136 χάνουσιν
268 3052 382 3131 τόπου,
406 3049 443 3114 έν
465 3058 511 3138 τῷ
534 3053 622 3136 παρὰ
645 3052 750 3135 φύσιν
773 3054 904 3116 ἔσονται
923 3053 982 3116 τὸν
1001 3053 1091 3117 ἄπει-

78 3180 145 3243 ρον
169 3159 300 3241 χρόνον.
347 3153 417 3220 ἀλλ’
441 3156 609 3221 ἀδύνατον
632 3155 669 3220 έν
691 3164 736 3243 τῷ
759 3158 848 3242 παρὰ
871 3158 977 3241 φύσιν
1005 3154 1094 3223 εἷναί

79 3288 113 3328 τι
136 3263 198 3327 τὸν
221 3264 360 3348 ἄπειρον
382 3265 518 3348 χρόνον·
542 3272 692 3348 κρεῖττον
714 3264 777 3346 γὰρ
801 3263 838 3326 τὸ
862 3265 905 3346 μὴ
925 3258 1010 3328 εἶναι
1030 3273 1090 3329 τοῦ
1105 3289 1132 3330 ιτ

78 3367 133 3436 ἀεὶ
158 3367 196 3433 ἐν
218 3376 265 3456 τῷ
288 3371 376 3455 παρὰ
399 3370 505 3451 φύσιν
528 3363 622 3433 εἷναι.
668 3368 795 3433 οὐκοῦν
816 3368 986 3446 τεύξονται
1011 3369 1092 3435 ἐκεί-

77 3500 142 3559 νης
169 3472 249 3540 ποτέ
277 3485 334 3558 τῆς
361 3474 487 3552 θέσεως
515 3473 571 3539 καὶ
599 3476 659 3558 τὴν
689 3475 793 3558 αὐτὴν
822 3486 892 3552 τοῖς
921 3475 1092 3561 οὐρανίοις

77 3583 196 3668 χώραν
218 3580 403 3664 ἐφέξουσιν.
441 3579 601 3646 ὥστεκαὶ
624 3579 704 3666 πρὶν
728 3580 875 3646 ἐνταῦθα
897 3583 959 3665 τὴν
982 3584 1093 3667 ψυχὴν

152 3781 180 3829 ⁶.
200 3779 237 3827 τῶ
255 3792 284 3827 τε
303 3774 347 3845 pt]
365 3792 427 3828 τοτε
445 3773 474 3825 Μ
546 3778 568 3827 6.
589 3768 681 3848 οὗτος]
701 3793 789 3838 ουτως
807 3774 840 3829 M
917 3781 966 3830 13.
984 3775 1119 3846 τοπχοχς,

78 3862 115 3903 ex
138 3866 174 3911 co,
195 3830 228 3896 M*
329 3843 427 3914 ὥσπερ]
447 3845 539 3911 ὥσπερ
562 3846 594 3900 Μ
705 3854 752 3906 22.
776 3848 847 3907 fort.
868 3849 1011 3907 ἰνούνται

69 3920 113 3967 16.
132 3918 173 3964 27.
189 3913 310 3979 [ovum
324 3944 356 3951 -
371 3917 496 3986 εκεινης]
514 3917 547 3972 Μ

106 4006 214 4045 Ioum
227 4007 386 4050 Pmopouvs
400 4012 436 4051 ed.
452 4016 541 4061 Rabo.
936 4023 976 4072 &¹6
