2394 4208
84 587 125 641 xl
139 592 163 644 ε.
178 589 206 661 ι]
351 587 401 642 ου
418 587 677 644 mmmm
695 586 816 643 mm
1027 588 1094 653 425

83 748 140 815 καλ
170 761 237 815 τῶν
267 754 395 817 λοιπῶν
422 750 565 816 πάντων.
616 752 745 817 τούτων
777 746 840 816 οὑν
872 749 1094 835 δεδειγμένων

85 857 201 942 δῆλον,
224 858 269 934 ὡς
292 857 353 923 οὑκ
376 860 468 924 ἔστιν
489 857 598 923 ποσὸν
618 858 827 942 συμβεβηκὸς
849 856 886 923 τὸ
910 866 1004 943 τριχῇ
1023 857 1094 922 δια-

85 965 218 1028 στατόν·
242 963 370 1047 ἐγίνετο
383 966 447 1050 γάρ
462 962 504 1029 ἀν
521 962 621 1050 χωρίς
638 975 696 1049 τῆς
713 974 774 1030 τοῦ
793 967 943 1048 σώματος
961 970 1094 1049 φθορᾶς

83 1067 140 1133 καί
172 1068 360 1154 ἀπεγίνετο,
396 1079 463 1135 νῦν
494 1066 531 1135 δέ
562 1066 643 1135 οὐδέ
675 1069 846 1155 ἐπινοῆσαι
879 1073 970 1135 ἔστιν
1001 1081 1095 1154 σῶμα

86 1173 186 1261 χωρίς
214 1185 275 1240 τοῦ
304 1186 399 1262 τριχῇ
430 1177 618 1242 διαστατοῦ.
664 1177 744 1241 αὐτὸ
777 1178 841 1262 άρα
872 1176 971 1241 οὐσία
1002 1174 1094 1241 έστλν
1120 1202 1133 1244 ε

77 1283 243 1365 σώματος.
289 1283 319 1347 εί
343 1277 483 1348 οὖνκαὶ
507 1282 605 1348 οὐσία
628 1280 719 1347 ἐστίν
736 1290 797 1346 τοῦ
816 1281 927 1359 ἁπλῶς
945 1282 1094 1366 σώματος

84 1388 123 1451 τὸ
150 1398 244 1474 τριχῇ
272 1389 450 1455 διαστατὸν
475 1388 531 1454 καὶ
558 1397 657 1454 τοῦτο
680 1390 786 1472 μόνον
809 1387 846 1452 ἐν
868 1398 907 1474 τη
930 1392 1094 1475 μεταβολῇ

84 1505 153 1558 τῶν
185 1497 347 1580 σωμάτων
377 1495 603 1581 ἀμετάβλητον
633 1493 806 1578 ὑπομένει,
843 1495 888 1572 ὡς
919 1493 1094 1579 δέδεικται,

84 1599 198 1677 οὐδεὶς
229 1604 294 1689 άρα
325 1604 425 1685 λόγος
456 1605 547 1667 ἔστιν
579 1600 597 1666 ὁ
630 1601 778 1684 δεικνύς,
814 1601 859 1678 ὡς
894 1600 1094 1668 ὑποκεῖσθαι

84 1708 176 1794 αὐτῷ
205 1709 266 1791 τὴν
295 1707 479 1795 ἀσώΙματον
508 1707 593 1791 ὕλην
622 1706 757 1791 ἀνάγκη.
803 1707 886 1772 ὥστε
915 1711 1014 1773 τοῦτό
1032 1725 1147 1767 ¹0¹·1uv.

84 1813 176 1878 ἐστιν
203 1816 240 1879 τὸ
267 1825 400 1900 πρῶτον
426 1826 493 1878 τῶν
520 1824 675 1898 φυσικῶν
704 1813 860 1877 ἁπάντων
887 1813 986 1878 είδῶν
1012 1815 1094 1879 ὑπο·
1108 1843 1132 1881 ιι

82 1924 249 2004 κείμενον,
277 1919 309 1997 ἐξ
338 1914 379 1984 οὑ
405 1922 524 1985 λοιπὸν
545 1919 690 1986 καὶτῶν
714 1920 888 1985 οὑσιωδῶν
910 1923 1095 2004 ποιοτήτων

83 2024 336 2110 συντιθεμένων
362 2027 403 2091 τὰ
431 2025 468 2091 ἐν
489 2025 626 2113 ὑπάρξει
649 2025 860 2110 πεποιωμένα
881 2031 1007 2110 γίνεται
1032 2029 1094 2091 σώ-

83 2157 180 2219 ματα,
203 2141 271 2219 πῦρ
294 2132 386 2218 ὑδωρ
409 2132 464 2198 καὶ
486 2134 527 2197 τά
549 2134 661 2198 λοιπά·
689 2134 799 2219 ὥσπερ
823 2134 886 2218 γάρ
909 2133 946 2197 τὸ
969 2135 1094 2216 άλογον

80 2239 105 2324 ἢ
128 2240 166 2303 τὸ
190 2241 319 2323 θνητὸν
341 2237 419 2304 καθ’
442 2237 541 2304 ἑαυτὸ
564 2235 626 2323 μέν
649 2239 710 2324 οὑχ
732 2238 922 2324 ὑφίσταται,
946 2239 1092 2305 συνδυα·
1105 2259 1131 2306 ιι

84 2348 206 2429 ζόμενα
233 2343 270 2410 δέ
297 2353 342 2433 τῷ
367 2344 452 2433 ζῴῳ,
480 2344 650 2411 τουτέστιν
671 2353 718 2432 τῷ
741 2344 876 2433 ἐμψύχῳ
900 2347 1094 2434 αἰσθητικῷ,

82 2455 147 2536 τὴν
177 2450 319 2537 ὕπαρξιν
350 2453 509 2535 λαμβάνει
543 2449 641 2538 (λέγω
674 2448 711 2517 δέ
743 2451 813 2540 ζῴῳ
846 2451 887 2516 οὑ
918 2460 965 2539 τῷ
994 2450 1094 2537 γένει,

84 2559 170 2624 ἀλλὰ
196 2567 243 2647 τῷ
270 2558 307 2623 ἐν
333 2556 472 2643 ὑπάρξει
494 2558 574 2642 ἤδη,
602 2556 698 2622 διιαὶ
720 2557 820 2644 μέρος
842 2566 902 2622 τοῦ
926 2558 1093 2624 συνθέτου

83 2650 242 2750 γίνεται),
271 2664 358 2730 οὑτω
387 2666 427 2748 δὴ
455 2662 511 2728 καὶ
537 2665 575 2729 τὸ
603 2663 641 2729 ἐν
662 2663 744 2751 πυρὶ
766 2666 897 2749 θερμὸν
918 2663 938 2748 ἢ
962 2674 1094 2750 κοῦφον

81 2770 140 2836 καὶ
159 2769 207 2837 ὅσ
226 2771 348 2855 ἀυτὴν
365 2780 425 2836 τοῦ
443 2771 549 2856 πυρὸς
563 2776 815 2858 συμπληροῦσιν
828 2771 957 2853 οὐσίαν,
973 2769 1094 2854 ὁμοίως
1107 2796 1134 2838 so

82 2875 140 2942 καί
158 2878 195 2943 τὸ
213 2878 322 2963 ὑγρὸν
339 2875 394 2942 καλ
413 2879 450 2941 τὸ
469 2878 610 2963 ψυχρόν,
629 2878 711 2963 άπερ
730 2878 986 2962 συμπληρωτικά
1004 2875 1095 2941 ἐστιν

82 2993 145 3049 τοῦ
168 2983 305 3068 ὕδατος,
328 2982 382 3049 καί
401 2993 462 3067 γῆς
480 2982 536 3048 καλ
554 2983 650 3069 ἀέρος
668 2984 708 3047 τὰ
726 2985 1001 3069 χαρακτηριστικὰ
1018 2984 1094 3049 τοὺ-

82 3114 152 3155 των
179 3089 341 3176 διαφοραί
366 3090 559 3174 ὑπάρχοντα
585 3091 735 3173 σώματος
763 3087 801 3153 έν
827 3097 874 3176 τῷ
897 3089 1008 3164 ἁπλῶς
1030 3091 1094 3154 σώ-

83 3221 161 3282 ματι
185 3205 231 3284 τῷ
254 3206 348 3282 τριχῇ
372 3197 536 3283 διαστατῷ
559 3197 621 3279 τὴν
642 3195 827 3260 ὑπόστασιν
849 3196 1018 3278 λαμβάνει.

153 3300 190 3382 ζ’.
218 3301 305 3367 Ἀλλ’
330 3309 408 3380 ἴσως
430 3303 532 3367 πάλιν
554 3301 622 3388 ἐρεῖ
644 3325 708 3385 τις,
736 3302 780 3378 ὡς
804 3301 854 3366 ὅτι
877 3303 938 3385 τὴν
959 3302 1133 3387 πράτηνεε

82 3409 170 3493 ῦλην
197 3409 351 3474 ἀνείδεον
378 3404 463 3473 εἶναι
491 3410 557 3492 δεί,
584 3409 622 3474 τὸ
651 3404 688 3473 δέ
714 3416 809 3493 τριχῇ
833 3408 1010 3473 διαστατὸν
1032 3407 1094 3473 οὐκ

82 3519 175 3582 έστιν
207 3515 375 3599 ἀνείδεον,
412 3520 503 3601 είπερ
536 3514 616 3579 αὐτὸ
650 3509 740 3591 εἶδός
771 3512 863 3578 ἐστιν
891 3523 951 3578 τοῦ
984 3513 1094 3591 ἁπλῶς

82 3623 242 3706 σώματος.
287 3624 489 3705 συμβήσεται
513 3615 576 3685 οὑν
598 3622 642 3705 μὴ
666 3615 751 3685 εἶναι
779 3620 931 3685 ἀνείδεον
958 3621 995 3685 τὸ
1023 3629 1094 3698 τοῖς

153 3890 194 3938 15.
210 3890 251 3937 16.
272 3886 477 3955 σννδιαζομενα
495 3883 526 3938 Μ
601 3890 647 3941 16.
660 3885 769 3960 λεμηψυ
790 3883 873 3940 M
946 3881 1002 3934 αοδ.
1020 3878 1132 3937 αἰνὴ·

72 3959 142 4024 τιτῷ
152 3956 190 4020 μδ
208 3953 251 4022 (νέ.
271 3960 332 4025 408,
349 3960 395 4025 10)
471 3962 517 4014 18.
536 3962 578 4035 τῷ
599 3958 648 4036 ἐν]
666 3980 700 4017 το
722 3978 755 4016 εν
