2394 4208
10 37 844 351 -
963 128 970 145 ·

949 158 956 169 ι

58 572 117 646 ιι]
332 570 380 625 οε
398 570 656 626 mmmm
675 570 796 626 ιινιιοι
1031 572 1069 635 11

57 745 120 801 τοῦ
142 735 265 819 γε’νους
286 734 425 819 διαδοχτλ
448 733 562 820 μέχρις
585 733 724 800 ἑκάστου
742 736 837 820 ἡμῶν
854 737 1072 818 κατήντησεν·

55 843 182 927 τὸγὰρ
205 843 346 926 ἄπειρον
367 838 555 918 διεξελθεῖν
576 840 753 907 ἀδύνατον.
798 840 853 906 καί
877 843 906 906 ελ
924 840 1071 926 ἀνάρχου
1146 837 1147 841 “

56 951 157 1026 ὄντος
187 957 249 1014 τοῦ
283 950 411 1032 κόσμου
444 947 462 1013 6
494 950 673 1031 γενόμενος
704 959 771 1012 τῶν
804 947 949 1032 ἀριθμὸς
976 946 1086 1034 μέχρι,

56 1055 263 1141 Σωκράτους
281 1056 311 1120 ελ
329 1056 424 1138 τύχοι
447 1055 582 1140 ἀπειρος
599 1050 652 1138 ἦν,
675 1054 790 1143 ίκείνςο
814 1051 851 1119 δὲ
869 1053 1072 1140 προσετέθη-

55 1180 122 1228 σαν
157 1163 192 1227 ολ
228 1161 292 1226 ἀπὸ
329 1162 531 1247 Σωκράτους
565 1159 661 1248 μέχρι
697 1171 757 1226 τοῦ
788 1170 854 1226 νῦν
888 1162 1071 1245 γινόμενοι,
1099 1187 1111 1227 ε

56 1271 151 1333 ἔσται
178 1291 210 1332 τι
233 1276 295 1332 τοῦ
322 1266 462 1352 ἀπείρου
489 1270 615 1351 μείζον’
648 1267 728 1352 ὅπερ
751 1267 928 1332 ἀδύνατον.
973 1265 1069 1333 καλδ

54 1384 127 1438 τῶν
147 1373 340 1459 ἀνθρώπων
361 1383 429 1438 τῶν
449 1372 639 1458 γενομένων
657 1372 802 1458 ἀριθμὸς
820 1375 964 1459 ἄπειρος,
987 1373 1071 1438 ἀλλὰ

54 1483 124 1564 μὴν
153 1478 210 1546 καί
241 1479 260 1545 δ
292 1490 360 1544 τῶν
390 1477 581 1564 γενομένων
612 1481 723 1544 ἵππων
750 1479 895 1566 ἀριθμὸς
922 1482 1069 1566 ἄπειρος·

54 1587 287 1664 διπλασιάσεις
314 1589 362 1651 ἔτι
389 1586 427 1651 τὸ
455 1587 602 1671 ἄπειρον.
647 1586 779 1663 τούτοις
807 1588 836 1650 εί
865 1590 1071 1671 προσθήσεις

51 1691 112 1758 καὶ
139 1694 200 1757 τὸν
226 1703 295 1758 τῶν
320 1703 434 1758 κυνῶν
461 1692 619 1778 ἀριθμόν,
649 1693 896 1778 τριπλασιάσεις
918 1694 955 1757 τὸ
980 1695 1070 1758 ἀπει-
1085 1719 1111 1759 ιο

52 1823 133 1885 ρον,
154 1797 294 1865 καὶτῶν
317 1801 427 1864 ἀλλων
450 1796 589 1864 ἑκάστου
612 1798 879 1884 προστιθεμένου
902 1803 1070 1863 πολυπλα-

51 1908 288 1989 σιασθιλσεται·
342 1905 422 1991 ὅπερ
450 1915 519 1969 τῶν
547 1903 819 1992 ἀδυνατωλτάτοιν
843 1903 947 1968 ἐστίν’
975 1904 1017 1969 οὐ
1032 1920 1122 1962 tol-u.

51 2013 121 2097 γάρ
143 2015 256 2096 μελζον
278 2007 364 2077 εἶναι
386 2020 448 2076 τοῦ
471 2010 610 2096 ἀπείρου
635 2010 811 2096 ἐνδέχεται,
834 2011 890 2076 ἵνα
912 2009 968 2076 καλ
989 2015 1069 2076 πολ-

50 2119 243 2184 λαπλάσιον
268 2121 544 2204 συγχωρήσομεν.
589 2119 618 2183 ελ
645 2122 763 2183 τοίνυν
785 2118 948 2201 ἀγενήτου
972 2119 1069 2196 ὄντος

49 2235 115 2292 τοῦ
134 2227 263 2308 κόσμου
286 2233 389 2289 ταῦτα
414 2225 519 2289 ἄτοπα
537 2225 737 2308 συμβαίνειν
754 2223 880 2307 ἀνάγκη
900 2223 955 2289 καί
973 2223 1069 2312 ἕτερα
1083 2251 1108 2292 ιε

48 2335 210 2415 πλείονα,
237 2331 282 2409 δις
309 2329 346 2395 ἐν
373 2328 498 2416 ἑτέροις
521 2328 695 2414 δείξωμεν,
718 2329 886 2395 ἀδύνατον
908 2333 973 2417 ἀρα
995 2331 1067 2414 ἀγί-

50 2462 159 2522 νητον
181 2433 269 2503 εἶναι
291 2435 346 2504 καὶ
369 2439 515 2523 ἀναρχον
538 2438 597 2502 τὸν
620 2439 760 2521 κόσμον
783 2437 870 2502 οὕτω
889 2439 952 2524 γὰρ
972 2436 1068 2514 διεξι-

50 2548 156 2629 τητόν
182 2567 217 2610 τε
245 2547 336 2610 ἔσται
363 2544 401 2609 τὸ
429 2546 568 2630 ἀπειρον
589 2541 645 2609 καὶ
674 2542 823 2630 ἐνεργείᾳ
845 2543 991 2627 ὑφεστὸς
1013 2541 1069 2607 καί

52 2650 105 2717 ἀεὶ
124 2649 288 2730 αὔξεσθαι
305 2651 343 2715 τὸ
362 2652 501 2735 ἄπειρον
519 2649 644 2735 ἀνάγκη
664 2649 781 2734 καὶμὴ
800 2652 967 2716 παύεσθαι
988 2649 1067 2714 αὐτὸ

52 2756 178 2825 ἑαυτοῦ
204 2760 317 2842 μεῖξον
344 2759 524 2841 γινόμενον
555 2755 610 2821 καὶ
644 2758 802 2833 πολλάκις
830 2757 887 2820 ἵνα
912 2757 956 2838 μὴ
984 2755 1069 2838 λε’γιο
1084 2782 1110 2821 ιο

53 2863 227 2949 ἀπειράκις
258 2863 296 2927 τὸ
328 2864 467 2949 ἄπειρον
498 2865 599 2928 ἔσται.
644 2860 688 2926 δι’
720 2863 763 2945 ἣν
795 2864 859 2947 ἀρα
891 2863 1001 2926 αἰτίαν
1028 2861 1069 2926 οὐ

53 2974 196 3036 πλείονα
223 2970 420 3054 δημιουργεῖ
448 2969 466 3035 6
493 2971 590 3052 θεός,
623 2969 681 3032 διὰ
709 2969 771 3050 τὴν
797 2968 902 3050 αὐτὴν
929 2964 1008 3032 οὐδὲ
1036 2966 1068 3045 ἐξ

54 3077 170 3143 ἀιδίου
202 3077 263 3141 τὸν
293 3078 420 3160 κόσμον
452 3075 724 3161 ἐδημιούργησεν.
774 3074 804 3138 εί
836 3069 874 3137 δὲ
901 3072 1069 3140 ἀδύνατον

53 3178 98 3267 ιλν
125 3182 160 3261 ἐξ
183 3181 296 3248 ἀιδίου
319 3182 598 3268 δημιουργελσθαι
620 3182 681 3245 τὸν
703 3182 845 3264 κόσμον,
868 3180 972 3264 δῆλον
995 3183 1069 3265 ἄρα,

53 3290 101 3366 ὡς
124 3289 265 3395 ριἰδεμία
286 3292 512 3354 καταλείπεται
537 3292 677 3374 ζήτησις,
703 3287 761 3351 διδ
783 3290 818 3352 τί
836 3288 880 3372 μὴ
904 3289 1068 3372 πρότερον
1082 3310 1108 3351 ιι

129 3522 153 3570 1.
173 3514 293 3586 διαδοχὴ
312 3531 346 3570 ex
364 3518 465 3586 διδαγη
484 3533 512 3569 m
531 3521 547 3568 2
565 3514 595 3568 M
666 3520 743 3568 3.(ιτ
745 3515 816 3581 νΜ;
835 3514 904 3570 ἐτῶν
918 3515 951 3582 pt
964 3515 1070 3580 (tamen

52 3586 88 3643 cs.
110 3593 152 3654 11
167 3592 184 3640 5
208 3586 292 3643 ολ-
311 3585 429 3658 γινόμεν
434 3590 489 3658 οι);
517 3586 580 3642 fort
598 3595 655 3641 τῶν
678 3585 842 3728 (ἀνθρώπω
843 3586 881 3658 ν)
961 3589 985 3636 6.
1004 3582 1068 3638 fort.

55 3655 205 3748 γινόμενοι
276 3664 349 3712 9.ι
320 3660 465 3798 damulam
484 3674 560 3712 ειει
551 3659 630 3727 ιλοεις
648 3676 688 3711 ετι
678 3658 797 3728 ιλεοται
817 3649 899 3725 eras]
888 3649 950 3725 λιδ
969 3653 999 3707 Μ

56 3728 231 3796 προσθήσεις
260 3733 395 3797 προσθεις
475 3728 509 3783 ολ.
527 3731 587 3799 μί
632 3735 713 3783 10.κ
697 3728 798 3800 κλλνιιυ
745 3726 867 3800 λιινΜ
940 3731 984 3781 11.
1006 3729 1073 3782 πολ-

56 3799 97 3872 λΙΙ
119 3799 178 3855 fere
204 3798 227 3854 li
301 3818 363 3855 rum
385 3773 604 3869 ίοιιάιιεολλασια
572 3803 738 3872 ιασθησειαι
762 3799 792 3857 Μ
820 3803 911 3876 (certo
933 3819 996 3860 non
1019 3803 1086 3859 016

47 3873 365 3989 ffimmffssffl
360 3874 399 4005 ἐι
467 3874 712 4015 ἰλτλῖὶμΙιλιινΜτοιλν
738 3878 925 3955 οεοελτατοιν
942 3878 980 3937 Μ
