2394 4208
56 566 147 621 XVIII
162 565 190 637 9]
324 566 372 621 DE
391 566 648 622 AETERNI'I'ATE
666 567 788 623 MVNDI
1000 567 1066 632 639

58 742 206 814 γενητῶν
238 737 383 816 εἴρηκεν,
416 741 531 815 σαφῶς
561 729 782 817 παρέστησεν,
814 732 859 808 ὡς
889 725 981 796 οἷὺεν
1011 729 1066 795 καὶ

57 835 191 922 ἑτέρους
217 839 322 914 θεοὺς
348 839 490 920 νοητοὺς
516 860 552 902 τε
578 835 633 901 καί
661 839 820 920 γενητοὺς
848 838 1066 923 ὑπάρχοντας.

57 944 167 1027 ὥσπερ
191 938 255 1008 οὖν
276 952 323 1030 τῷ
347 943 455 1031 ὁρατῷ
478 944 515 1009 τὸ
539 944 662 1027 νοητὸν
684 943 874 1029 ἀντίκειται,
901 945 988 1010 οὕτω
1011 943 1066 1010 καί

57 1058 103 1137 τῷ
127 1058 254 1137 γενητῷ
277 1050 314 1115 τὸ
339 1049 509 1134 ἀγένητον.
555 1051 584 1114 εἰ
608 1044 671 1114 οὖν
693 1053 771 1127 τοὺς
795 1050 936 1136 ὁρατοὺς
962 1055 1066 1129 θεοὺς

59 1153 128 1221 κατ’
152 1157 262 1220 αἰτίαν
284 1157 391 1239 μόνον
413 1158 573 1240 γενητοὺς
596 1152 681 1220 εἶναι
709 1156 880 1240 βούλεται,
907 1155 962 1221 καί
990 1182 1066 1242 νοη-
1093 1184 1107 1224 ο

57 1268 136 1339 τοὺς
166 1264 230 1348 ἀρα
257 1266 360 1340 θεοὺς
387 1263 568 1346 ἀγενήτους
595 1264 694 1339 ὄντας
719 1260 789 1327 κατ’
813 1265 922 1328 αἰτίαν
950 1263 1065 1348 ἀγενη-

57 1394 137 1446 τους
165 1366 250 1435 εἶναι
278 1371 447 1452 βούλεται·
483 1377 529 1456 τῷ
558 1370 620 1454 γὰρ
648 1367 717 1433 κατ’
740 1371 851 1434 αἰτίαν
878 1377 1005 1457 γενητῷ
1028 1372 1065 1436 τὸ

57 1475 126 1542 κατ’
150 1478 259 1541 αἰτίαν
282 1476 461 1541 ἀντίκειται
485 1474 655 1560 ἀγένητον.
692 1477 721 1540 εἰ
744 1472 781 1541 ἀλ
805 1477 837 1540 οἰ
856 1473 971 1560 νοητοί
989 1475 1066 1542 θεοὶ

58 1582 127 1649 κατ’
160 1585 270 1648 αἰτίαν
302 1581 388 1648 εἰοίν
420 1581 588 1667 ἀγένητοι,
625 1581 736 1659 οὺὺείς
768 1584 832 1668 ἀρα
864 1582 974 1648 αὐτῶν
1005 1592 1065 1647 τοῦ

59 1687 145 1756 εἶναι
168 1696 281 1766 αἰτιος.
326 1690 410 1754 ὥστε
434 1689 495 1754 οὐκ
519 1687 555 1754 ἐκ
576 1698 654 1774 μιᾶς
676 1688 778 1774 ἀρχῆς
800 1690 837 1753 τὸ
864 1685 949 1754 εἶναι
973 1692 1066 1774 ἔχου·
1080 1715 1108 1753 ιο

58 1815 122 1863 σιν.
168 1796 230 1860 οὐκ
253 1798 317 1882 ἀρα
338 1800 397 1879 μία
419 1806 487 1860 τῶν
509 1798 617 1862 ὄντων
644 1795 799 1860 ἀπάντων
826 1794 917 1862 ἐστὶν
938 1795 958 1879 ἡ
983 1795 1064 1881 ἀρχὴ

59 1902 114 1968 καί
137 1905 226 1968 αἰτία
249 1902 331 1967 ἀλλά
354 1911 510 1967 τοσαῦται
533 1901 645 1987 ἀρχαί,
669 1901 742 1967 ὅσοι
765 1901 819 1967 καί
843 1901 957 1986 νοητοί
980 1906 1066 1967 θεοί.

59 2011 88 2075 εἰ
113 2005 176 2075 οὖν
198 2018 296 2074 τοῦτο
320 2011 446 2074 ἄτοπόν
468 2032 503 2073 τε
526 2007 581 2073 καί
603 2019 671 2073 τῶν
691 2009 863 2073 ὑπονοιῶν
885 2019 953 2073 τῶν
976 2009 1066 2073 Πλά-

58 2140 164 2193 τωνος
192 2116 382 2202 ἀλλότριον,
410 2116 455 2192 ὡς
482 2115 517 2180 ἐκ
545 2126 612 2181 τῶν
640 2115 743 2180 αὐτοῦ
771 2117 881 2198 λόγων
908 2115 1066 2193 πολλάκις

59 2220 238 2306 ἐδείξαμεν,
270 2221 325 2287 καί
356 2226 415 2306 μία
448 2220 539 2287 ἐστὶν
570 2222 590 2306 ἡ
622 2222 756 2287 πάντων
785 2223 873 2286 αἰτία
900 2220 954 2287 καί
983 2221 1065 2308 ἀρχὴ
1081 2247 1108 2288 ιι

58 2328 113 2394 καλ
141 2330 178 2393 ἓν
205 2331 311 2412 μόνον
337 2330 374 2394 τὸ
402 2327 552 2414 ἀνάρχως
579 2326 633 2392 καί
659 2327 815 2404 ἀναιτίως
838 2329 888 2411 ἀν,
918 2328 980 2393 οὺκ
1003 2330 1067 2413 ἀρα

59 2434 127 2500 κατ’
161 2438 270 2500 αἰτίαν
302 2434 387 2500 εἰσὶν
418 2436 451 2500 οἰ
483 2433 598 2520 νοητοί
630 2433 706 2500 θεολ
739 2432 901 2518 ἀγένητοι.
946 2437 976 2500 εἰ
1004 2430 1068 2501 οὺν

59 2544 138 2618 τοὺς
161 2545 302 2626 νοητοὺς
324 2545 427 2619 θεοὺς
450 2552 520 2618 τοῖς
548 2541 680 2626 ὁρατοῖς
704 2542 847 2605 Πλάτων
873 2539 1066 2625 ἀντίθηιιεν,

59 2649 92 2714 οἰ
116 2644 153 2713 δὲ
176 2647 290 2731 νοητοί
314 2647 467 2732 ἀγένητοι
492 2650 585 2723 ὄντες
608 2650 690 2711 κατὰ
709 2647 873 2712 Πλάτωνα
896 2648 957 2712 οὺκ
981 2649 1067 2714 εἰσιν

58 2753 127 2818 κατ’
155 2757 265 2819 αἰτίαν
292 2754 460 2839 ἀγένητοι,
488 2761 579 2839 εἰπερ
608 2755 742 2819 πάντων
772 2751 810 2818 ἔν
839 2752 929 2819 εὀτιν
959 2760 1067 2820 αἰτιον
1081 2779 1109 2818 εο

58 2860 78 2943 ἡ
108 2863 220 2947 πρώτη
251 2861 348 2947 ἀρχή,
381 2862 413 2926 οἰ
443 2863 507 2947 ἀρα
536 2859 691 2945 αἰσθητοὶ
720 2858 797 2926 θεολ
829 2859 960 2944 γενητοί
990 2861 1066 2927 ὺεοί

59 2962 145 3031 εἶναι
173 2970 346 3050 λεγόμενοι
375 2966 415 3031 οὺ
443 2965 512 3031 κατ’
536 2968 647 3032 αἰτίαν
673 2968 780 3050 μόνον
802 2966 885 3032 ἀλλά
908 2964 963 3031 καί
985 2969 1068 3032 κατὰ

61 3075 185 3158 χρόνον
209 3072 296 3138 εἰσὶν
318 3076 463 3156 γενητοί·
487 3075 518 3138 εἰ
539 3075 601 3159 γάρ
625 3075 704 3150 τοὺς
726 3075 868 3157 νοητοὺς
886 3073 1068 3157 ἀγενήτους

59 3175 145 3244 εἶναι
178 3180 333 3261 βούλεται
366 3179 427 3265 οὺχ
459 3181 503 3257 ὡς
535 3181 615 3244 ἀνευ
653 3181 759 3256 αἰτίας
791 3180 890 3256 ὄντας
917 3177 990 3243 ἀλλ’
1023 3181 1067 3257 ὡς

61 3287 166 3372 ἀρχὴν
184 3295 245 3350 τοῦ
264 3281 349 3351 εἰναι
372 3288 416 3369 μὴ
441 3289 590 3371 ἔχοντας,
613 3288 691 3363 τοὺς
714 3287 778 3371 ἀρα
801 3285 941 3371 ὁρατοὺς
963 3290 1067 3363 θεοὺς
1081 3311 1107 3352 τι

60 3396 221 3478 γενητοὺς
236 3388 321 3458 εἶναι
336 3392 424 3476 λέγει
444 3394 488 3470 ὡς
507 3393 612 3478 ἀρχὴν
629 3402 689 3458 τοῦ
709 3387 795 3456 εἶναι
813 3391 868 3457 καί
886 3402 943 3476 τῆς
962 3393 1066 3479 ὑπάρ-

60 3500 140 3577 ξεως
159 3501 331 3581 λαβόντας.
377 3507 479 3564 ταῦτα
501 3495 563 3583 μίν
585 3494 659 3583 οὖν,
681 3499 726 3575 ὡς
748 3498 828 3582 ἡμῖν
849 3493 893 3581 ἦν
915 3499 1066 3583 ὺύναμις,

60 3607 232 3692 αὐτάρκως
255 3603 310 3670 καί
333 3604 371 3670 ἐν
392 3613 439 3693 τῷ
462 3603 494 3681 ς’
519 3606 776 3691 ὺιηρθρώοαμεν
798 3606 895 3691 λόγῳ.
1083 3609 1086 3613 ’

132 3876 155 3923 9.
176 3871 280 3935 αὐτῶν,
300 3869 333 3924 cs.
353 3874 413 3939 468,
431 3874 463 3924 15
487 3867 592 3940 ταύτης
683 3873 733 3922 Ἃ.
750 3865 904 3936 &QUI
992 3864 1047 3907 *Σὺ
1064 3855 1108 3903 ἃ·

48 3956 114 4008 pag.
132 3946 189 4008 173,
207 3946 241 3993 19
254 3957 293 4009 sq.
