2394 4208
453 549 657 607 PRAEFATIO
1023 553 1062 609 lx

56 719 294 797 Augustinorum
321 717 426 777 Frater
453 717 620 796 Stephanus
650 719 746 795 prima
776 722 806 778 et
835 721 942 781 ultima
970 720 1061 779 verba

57 808 183 885 benigna
205 826 322 869 mecum
345 807 650 883 communicaverunt,
677 808 733 869 ino.
757 808 807 867 fol.
828 810 898 871 aar.
919 801 1060 869 Ἰωάννου

56 892 255 975 &abripior
282 904 335 957 τοῦ
361 894 529 972 φιλοπόνου
554 894 628 957 πατὰ
655 896 786 976 eponae
807 895 874 975 περὶ
896 893 1060 974 ἀΐδιόν-ητις

56 983 180 1061 κόσμον.
224 976 270 1065 (iu
298 1003 391 1062 marg.
419 984 509 1046 λείπει
537 979 557 1062 ι)
587 978 675 1067 ἀρχή)
705 993 740 1062 τῆ
770 983 826 1065 γὰρ
857 981 1060 1065 πεπερασμένη

58 1071 184 1151 δυνάμει
206 1081 264 1133 τῶν
284 1069 415 1150 ἐπείρων
436 1077 552 1151 κρατεῖν
576 1070 739 1135 ἀδύνατον·
762 1072 834 1134 ὥστε
852 1069 919 1135 οὔτε
937 1081 995 1134 τῶν
1013 1094 1060 1153 γε·

55 1158 229 1240 νενημένων
252 1152 334 1242 (pag.
354 1163 384 1238 3,
405 1154 475 1243 14),
502 1161 579 1238 expl.
603 1162 653 1221 fol.
673 1164 765 1223 237r.
793 1160 843 1223 καὶ
869 1170 985 1241 πρῶτον
1011 1160 1061 1222 scot

57 1248 181 1327 pithom
202 1246 385 1327 μέμφεσθαι·
408 1247 503 1323 ἄλλως
526 1271 556 1311 τε
575 1247 625 1311 aui
643 1247 694 1311 ἐάν
714 1273 757 1322 τις
775 1249 816 1329 μὴ
834 1254 930 1322 καλῶς
947 1250 1061 1329 ψεύδη-

57 1359 115 1397 ται.
150 1339 182 1396 τΐ
199 1346 285 1398 τοῦτο
310 1333 325 1397 ὀ
349 1331 431 1418 (pag.
451 1340 523 1413 641,
543 1331 586 1420 8).
627 1343 781 1414 praeterea
803 1339 909 1398 Dielsii
927 1339 1061 1398 comitati

57 1425 150 1487 debeo
176 1444 286 1505 pauca,
314 1445 389 1502 quae
412 1427 547 1487 Tonstrik
573 1428 605 1486 in
632 1428 792 1502 exemplari
819 1427 929 1505 Regiae
956 1427 1061 1487 biblio·

54 1515 160 1577 thecae
181 1513 383 1576 Barolinensis
403 1519 568 1577 notaverat

125 1690 262 1767 Denique
284 1691 392 1752 codicis
415 1692 567 1751 cniusdam
585 1692 784 1751 Antoniani
802 1691 963 1752 Lambinus
981 1711 1061 1752 men·

56 1780 172 1841 tionem
187 1779 261 1839 fecit
277 1780 309 1838 in
326 1780 563 1857 epistula,‚quae
581 1781 614 1840 in
631 1781 765 1840 versione
783 1780 878 1839 latina
896 1798 914 1839 a
928 1780 1061 1839 Mahotio

55 1871 167 1947 parata
189 1865 230 1948 (u.
253 1860 346 1949 infra)
368 1868 449 1944 typis
476 1887 613 1944 expressa
636 1872 693 1929 est:
721 1863 905 1928 “Lambinus
929 1868 1061 1928 Mahotio

58 1956 121 2017 Suo
143 1954 173 2015 S.
191 2001 199 2015 .
214 2001 243 2015 ..
264 1951 467 2036 (cardinalis)
493 1957 549 2017 hoc
575 1957 648 2018 mihi
671 1957 784 2035 negotii
807 1957 952 2017 dedit...
974 1959 1009 2015 ut
1030 1957 1062 2016 in

58 2044 241 2106 bibliotheca
270 2044 308 2104 D.
335 2046 460 2105 Antonii
491 2041 583 2125 (quae
615 2046 699 2106 libris
731 2044 851 2104 Graecis
882 2063 917 2104 ac
946 2045 1062 2105 Latinis

58 2133 181 2211 prdcbre
199 2132 354 2209 instructa,
372 2137 403 2194 et
424 2137 531 2194 ornata
553 2127 612 2216 ast)
636 2154 702 2193 eum
724 2134 832 2194 librum
854 2133 1063 2211 perquirerem,

57 2225 94 2285 ut
118 2222 145 2281 si
171 2221 250 2283 forte
276 2224 427 2300 exemplar
448 2225 527 2283 esset
547 2224 710 2300 integram,
732 2222 957 2283 describendum
979 2240 1063 2282 cura·

57 2329 131 2387 rem,
153 2309 235 2388 qnod
256 2312 309 2373 tuo
331 2310 453 2373 deesset.
489 2312 568 2386 Feci,
589 2312 760 2387 perquisivi,
777 2311 887 2387 reperi:
909 2315 944 2370 ut
960 2311 1063 2386 paucis

58 2397 229 2477 expediam,
256 2419 294 2459 ns
323 2399 379 2461 hoo
409 2400 530 2475 quidem
558 2400 707 2478 integrum
737 2402 789 2459 est.
813 2398 1063 2473 ...Principium

57 2487 237 2566 exemplaris
259 2487 424 2550 AntonIani
447 2488 491 2548 ita
513 2488 602 2548 habe:
639 2492 683 2572 Τῇ
705 2486 761 2568 γὰρ
783 2485 987 2569 πεπερασμένῃ
1010 2485 1062 2547 δυ-

58 2575 145 2653 νάμει
182 2582 241 2637 τῶν
276 2571 405 2655 ὀνείρων
440 2580 557 2655 mair
592 2573 752 2652 ἀδύνατον,
785 2580 839 2637 etc.
871 2575 1063 2649 Adscriptnm

57 2668 160 2727 antem
182 2664 311 2741 margini
335 2667 381 2726 est
402 2665 493 2725 λείπει
514 2660 533 2741 ι)
557 2661 684 2744 Appi...
710 2665 843 2725 Venetiia
866 2665 1063 2725 decimosexto

58 2753 113 2813 cat
128 2747 274 2814 Octobr.''
292 2753 318 2812 is
336 2753 427 2813 codex
445 2753 476 2813 in
495 2753 632 2831 catalogo
650 2753 846 2814 bibliothecae
865 2752 1063 2825 Antonianae,

60 2860 149 2918 qnam
180 2841 216 2900 A.
239 2841 278 2900 n
301 2841 369 2900 losa
398 2842 564 2918 composuit
592 2834 724 2922 (Patavii
754 2837 868 2918 1886),
897 2860 956 2899 non
985 2859 1063 2901 oom-

60 2932 249 2989 memoratnr.
294 2930 389 3005 possis
412 2931 542 3008 cogitare
565 2931 600 2988 de
623 2929 802 2989 bibliotheca
824 2929 939 2987 Veneta
962 2929 1064 2988 Sancti

59 3018 195 3094 Antonii,
217 3035 313 3095 quam
330 3018 448 3079 saeculo
470 3019 572 3079 XVIII
594 3018 728 3078 incendio
752 3018 879 3077 deletam
902 3036 963 3078 esse
985 3037 1064 3077 com·

59 3105 132 3187 peri.
178 3106 230 3167 sed
256 3107 348 3167 etiam
373 3107 406 3167 in
433 3108 497 3166 eius
527 3107 723 3168 bibliothecae
753 3107 904 3184 catalogo,
936 3107 989 3183 qui
1016 3126 1064 3165 ex·

58 3198 122 3255 stat
152 3195 185 3255 in
211 3193 344 3271 Philippi
372 3195 520 3256 Tamasini
553 3215 640 3271 opere
668 3188 779 3276 (Utinii
810 3190 922 3279 1650),
952 3196 1064 3255 frustra

58 3302 203 3361 quaesivi.

126 3459 287 3520 Praeterea
313 3460 451 3538 catalogo
474 3460 609 3520 Parisino
636 3463 711 3520 testa
734 3459 892 3536 Philoponi
917 3461 1064 3518 tractatus

57 3547 202 3611 adsersus
224 3548 364 3609 Proclum
387 3549 422 3611 ds
445 3549 621 3609 aeternitate
643 3549 747 3609 muudi
768 3549 920 3608 invenitur
947 3547 978 3605 in
1001 3548 1063 3607 cod.

57 3636 153 3699 Paria.
176 3655 220 3714 gr.
245 3638 345 3711 20593
380 3637 432 3697 sed
454 3637 479 3698 is
502 3637 610 3697 titulus
638 3656 691 3713 per
713 3656 841 3697 errorem
863 3635 958 3697 codici
981 3654 1064 3711 prae·

57 3725 136 3788 fixus
159 3728 220 3800 est,
243 3725 321 3785 inest
342 3725 459 3786 Nicolai
481 3725 681 3785 Methonensis
704 3726 845 3786 refutatio
868 3725 1064 3785 institutionis

57 3813 247 3892 menagius
269 3813 367 3875 Procli
389 3813 545 3874 Platonici.
