2394 4208
797 50 803 63 '
858 60 862 75 ι

788 122 812 173 ,ἱ

90 556 146 612 vn
159 557 205 629 τι]
355 557 403 612 DE
422 556 678 612 ιυτεεαιυιυω
697 557 818 612 mm
1028 557 1094 623 273

84 716 150 804 μὲν
166 727 214 806 τῷ
234 715 320 785 εἶναι
342 722 403 803 τὴν
425 722 537 804 ψυχὴν
559 720 778 804 αὐτοκίνητον
801 721 819 787 ό
840 723 992 806 Πρόκλος
1015 724 1095 804 ἔφη·

85 843 147 893 σευ
164 827 202 890 τὸ
222 828 399 892 συναΐδιου
417 822 503 891 εἶναι
527 826 609 912 αὐτῇ
632 829 669 891 τὸ
693 830 894 911 κινούμενον
915 825 971 893 ὑτί
995 827 1095 911 αὐτῆς

83 943 195 1017 σῶμα,
220 931 255 997 ἐκ
278 929 316 997 δὲ
337 944 405 997 τῶν
427 934 628 1018 πραγμάτων
645 935 807 1020 καρτερὸν
825 937 910 1018 ἔχων
927 935 987 998 τὸν
1006 937 1095 1016 ἔλεγ-

83 1062 149 1123 χον
175 1046 222 1126 τῷ
249 1039 356 1104 πάντα
383 1042 503 1123 γενητὰ
526 1043 708 1124 φαίνεσθαι
730 1039 785 1105 καὶ
809 1043 945 1127 φθαρτά
966 1042 1006 1104 τὰ
1028 1039 1094 1104 ὑπὸ

82 1155 155 1210 τῶν
176 1155 295 1228 ψυχῶν
317 1148 498 1229 κινούμενα
519 1147 653 1230 σώματα
676 1145 755 1211 δίον
778 1146 813 1211 ἐκ
835 1158 903 1211 τῶν
926 1147 1094 1230 ὡμολογη-
1121 1172 1135 1213 ε

80 1249 199 1335 μένων
220 1253 473 1331 κατασκευάζειν
494 1254 535 1317 τά
558 1252 767 1336 ἀγνοούμενα
791 1251 890 1338 (λέγω
915 1254 955 1336 δη
980 1252 1015 1317 ἐκ
1033 1261 1094 1317 τοῦ

80 1358 196 1422 πάντα
219 1356 363 1442 δρᾶσθαι
386 1359 545 1440 γινόμενα
567 1355 622 1421 καί
646 1359 853 1442 φθειρόμενα
877 1360 918 1423 τά
939 1358 1005 1423 ὑπὸ
1028 1369 1096 1423 τῶν

81 1474 206 1548 ψυχῶν
228 1465 409 1547 κινούμενα
431 1465 564 1547 σώματα
587 1467 841 1546 συλλογίζεσθαι
865 1463 1032 1548 ἐντεῦθεν,
1051 1466 1095 1542 ὡς

81 1565 168 1636 οὐδέ
187 1571 224 1634 τὸ
243 1579 303 1634 τοῦ
321 1572 447 1653 κόσμου
467 1581 560 1653 σῶμα
578 1568 739 1652 ἀγένητον
757 1575 806 1652 είη
826 1568 868 1634 άν
886 1568 941 1635 καὶ
964 1571 1095 1656 ἀφθαρ-

79 1675 162 1763 τον)
201 1676 300 1753 αὐτὸς
333 1678 395 1760 τὴν
426 1676 532 1759 φύσιν
561 1686 619 1760 τῆς
650 1673 848 1753 ἀποδείξεως
878 1675 1096 1761 παρατρέπων
1111 1706 1136 1743 ιο

80 1783 121 1848 ἐκ
152 1793 221 1847 τῶν
251 1783 384 1868 ἀδήλων
413 1785 453 1848 τά
483 1783 589 1866 άδηλα
618 1785 843 1865 συλλογίζεται
874 1780 1002 1867 (λαβὼν
1031 1785 1093 1868 γάρ

79 1888 332 1964 ἀναποδείκτως
359 1889 396 1952 τὸ
425 1889 498 1953 δεῖυ
525 1890 592 1971 ἅμα
612 1896 660 1975 τῷ
683 1883 852 1971 εἶναιτὴν
874 1888 985 1971 φυγὴν
1007 1883 1093 1952 εἶναι

81 1996 219 2071 πάντας
242 1993 296 2059 καὶ
319 1995 356 2058 τὸ
380 1995 581 2077 κινούμενον
598 1992 653 2059 ὑπ’
677 1994 778 2078 αὐτῆς
796 2004 898 2078 σῶμα,
918 1993 997 2079 ὅπερ
1017 1995 1094 2059 οὔτε

82 2101 122 2168 ἐκ
149 2111 209 2184 τῆς
236 2100 407 2185 ἐναργείας
435 2101 511 2166 οὔτε
539 2100 575 2165 ἐκ
601 2110 662 2165 τοῦ
690 2104 792 2184 λόγου
815 2102 853 2165 τὸ
875 2101 995 2165 πιστὸν
1017 2103 1093 2184 ἔχει,

85 2208 122 2274 ἐκ
150 2208 272 2273 τούτου
301 2205 405 2291 φησλυ
433 2203 518 2272 εἶναι
547 2208 665 2291 δῆλον,
694 2208 740 2283 ὡς
765 2216 854 2272 πᾶσα
880 2207 968 2291 ψυχὴ
996 2206 1092 2294 ἀιδίῳ
1107 2235 1133 2275 ιε
1176 2214 1181 2219 '

85 2325 222 2399 πρῶτον
245 2312 417 2397 ἐπιβέβηκε
441 2315 566 2398 σώματι
587 2310 643 2377 καί
666 2322 765 2378 τοῦτο
784 2324 870 2378 κινεῖ
888 2312 1012 2396 ἀιδίως,
1030 2311 1094 2378 κάν

87 2420 124 2486 έν
148 2426 315 2503 φθαρτοῖς
337 2419 470 2503 γένηται
493 2421 652 2503 σώμασιν,
681 2420 736 2484 διὰ
758 2428 819 2484 τοῦ
842 2419 953 2485 ἀιδίου
976 2418 1094 2485 καὶτὰ

89 2528 226 2612 φθαρτὰ
255 2524 370 2612 κινεῖ),
401 2532 479 2602 ίσως
508 2521 570 2610 μὲν
598 2523 696 2589 παντὶ
729 2526 833 2608 δῆλον
863 2526 1017 2610 ὑπάρχει,
1049 2527 1093 2603 ὡς

88 2629 317 2718 ἐληλεγμέξνου
336 2641 396 2697 τοῦ
414 2630 603 2715 ἡγουμένου
621 2629 732 2696 καὶτὸ
752 2628 914 2716 ἑπόμενον
935 2651 1013 2697 συν·
1036 2649 1145 2690 romor-

88 2742 324 2822 απελήλεγκται
351 2737 395 2823 (εἰ
423 2740 486 2823 γὰρ
515 2729 698 2821 ἐδείξαμεν,
726 2737 770 2814 ὡς
800 2738 939 2822 οὐδεμία
966 2738 1091 2823 ἀνάγκη
1107 2767 1133 2806 ιο

87 2847 154 2930 ἅμα
177 2853 223 2932 τῷ
247 2841 417 2928 εἶναιτὴν
439 2855 507 2929 ψυχ
530 2869 550 2908 υ
573 2840 659 2909 εἶναι
682 2841 738 2908 καὶ
759 2845 796 2908 τὸ
815 2845 1016 2927 κινούμενον
1033 2845 1088 2911 ὑπ’

86 2952 189 3035 αὐτῆς
221 2962 328 3034 σῶμα,
365 2952 520 3034 δηλονότι
552 2948 664 3027 οὐδεὶς
700 2952 747 3014 ἐτι
784 2952 883 3032 λόγος
915 2948 1093 3033 ἀναγκάσει

86 3057 184 3146 ἀιδίῳ
206 3069 339 3142 πρῶτον
361 3059 419 3133 τάς
441 3059 549 3141 ψυχάς
572 3055 799 3140 ἐπιβεβηκέναι
823 3053 972 3141 σώματι),
992 3054 1093 3122 οὐδὲν

82 3161 123 3230 δὲ
154 3171 232 3240 ίσως
259 3175 372 3249 χεῖρον
397 3162 452 3228 καὶ
480 3163 585 3246 αὐτὴν
612 3161 688 3229 καθ’
712 3162 817 3245 αὑτὴν
845 3163 905 3244 τὴν
927 3161 1092 3228 ὑπόθεσιν

82 3273 211 3353 ταύτην
234 3269 395 3353 ἐξετάσαι,
418 3276 453 3334 εί
469 3292 536 3335 που
560 3280 704 3354 φυσικῆς
726 3293 817 3346 τινος
839 3266 894 3333 καί
914 3267 1093 3351 ἀναγκαίας
1107 3296 1133 3337 ιε

81 3377 291 3454 ἀκολουθίας
323 3379 429 3460 ἔχεται
460 3377 497 3441 τὸ
531 3377 604 3441 δεῖν
634 3377 765 3453 πάντως
797 3374 908 3439 ἀίδιόν
939 3397 970 3438 τι
1000 3384 1093 3458 σῶμα

79 3497 154 3551 τῶν
180 3493 298 3567 ψυχῶν
325 3481 523 3567 ἐξηρτῆσθαι
550 3481 650 3547 παντί
676 3490 722 3569 τῷ
753 3477 838 3546 εἶναι
869 3480 979 3545 αὐτῶν
1011 3497 1092 3564 συμ-

77 3593 369 3675 παρατεινόμενον
395 3588 450 3654 καὶ
477 3590 583 3676 τούτῳ
611 3599 745 3676 πρῶτον
774 3586 1003 3671 ἐπιβεβηκέναι
1035 3589 1093 3665 τὰς

77 3698 193 3781 ψυχὰς
221 3694 275 3759 καὶ
303 3693 346 3759 δι’
374 3695 477 3760 αὐτοῦ
504 3694 559 3760 καὶ
586 3697 626 3773 τά
653 3695 789 3781 φθαρτά
816 3704 923 3759 κινεῖν
949 3696 1090 3777 σώματα.

122 3853 427 3970 α’11Ξί[κίαρατρεπων
443 3853 476 3907 Μ
548 3859 592 3912 14.
612 3873 758 3930 ενεργειας
775 3856 812 3914 M
888 3861 940 3912 ¹23.
960 3851 1128 3924 EMWXQ*
