<?xml version="1.0" encoding="UTF-8"?>
<!DOCTYPE html PUBLIC "-//W3C//DTD XHTML 1.0 Transitional//EN"
    "http://www.w3.org/TR/xhtml1/DTD/xhtml1-transitional.dtd">
<html xmlns="http://www.w3.org/1999/xhtml" xml:lang="en" lang="en">
 <head>
  <title>
</title>
<meta http-equiv="Content-Type" content="text/html;charset=utf-8" />
  <meta name='ocr-system' content='tesseract 3.04.00' />
  <meta name='ocr-capabilities' content='ocr_page ocr_carea ocr_par ocr_line ocrx_word'/>
</head>
<body>
  <div class='ocr_page' id='page_1' title='image "./ioannesphilopon00philgoog_0146.png"; bbox 0 0 2394 4208; ppageno 0'>
   <div class='ocr_carea' id='block_1_1' title="bbox 12 17 910 353">
    <p class='ocr_par' dir='ltr' id='par_1_1' title="bbox 12 17 910 353">
     <span class='ocr_line' id='line_1_1' title="bbox 12 17 910 353; baseline -0.002 -6"><span class='ocrx_word' id='word_1_1' title='bbox 12 17 843 353; x_wconf 98' lang='lat'>-</span> <span class='ocrx_word' id='word_1_2' title='bbox 902 128 910 147; x_wconf 53' lang='lat'><strong>·</strong></span> 
     </span>
     <span class='ocr_line' id='line_1_2' title="bbox 887 152 897 175; baseline 0 0"><span class='ocrx_word' id='word_1_3' title='bbox 887 152 897 175; x_wconf 73' lang='lat'>0</span> 
     </span>
    </p>
   </div>
   <div class='ocr_carea' id='block_1_2' title="bbox 90 551 1096 625">
    <p class='ocr_par' dir='ltr' id='par_1_2' title="bbox 90 551 1096 625">
     <span class='ocr_line' id='line_1_3' title="bbox 90 551 1096 625; baseline 0.003 -18"><span class='ocrx_word' id='word_1_4' title='bbox 90 552 128 608; x_wconf 83' lang='lat' dir='ltr'><strong><em>vl</em></strong></span> <span class='ocrx_word' id='word_1_5' title='bbox 140 559 167 608; x_wconf 77' lang='grc'><strong><em>4.</em></strong></span> <span class='ocrx_word' id='word_1_6' title='bbox 182 554 211 625; x_wconf 82' lang='grc' dir='ltr'><strong><em>ό]</em></strong></span> <span class='ocrx_word' id='word_1_7' title='bbox 355 552 403 606; x_wconf 79' lang='lat' dir='ltr'><strong><em>DE</em></strong></span> <span class='ocrx_word' id='word_1_8' title='bbox 421 551 679 607; x_wconf 75' lang='lat' dir='ltr'>AETERNITATE</span> <span class='ocrx_word' id='word_1_9' title='bbox 697 551 819 607; x_wconf 81' lang='lat' dir='ltr'><strong>MVNDI</strong></span> <span class='ocrx_word' id='word_1_10' title='bbox 1034 554 1096 619; x_wconf 83' lang='lat'><strong><em>131</em></strong></span> 
     </span>
    </p>
   </div>
   <div class='ocr_carea' id='block_1_3' title="bbox 71 714 1146 3569">
    <p class='ocr_par' dir='ltr' id='par_1_3' title="bbox 71 714 1146 3569">
     <span class='ocr_line' id='line_1_4' title="bbox 87 714 1100 800; baseline 0.002 -20"><span class='ocrx_word' id='word_1_11' title='bbox 87 718 227 800; x_wconf 85' lang='grc' dir='ltr'><strong><em>ταύτην,</em></strong></span> <span class='ocrx_word' id='word_1_12' title='bbox 257 717 359 781; x_wconf 87' lang='grc' dir='ltr'><strong><em>πάλιν</em></strong></span> <span class='ocrx_word' id='word_1_13' title='bbox 391 715 409 781; x_wconf 99' lang='lat'>6</span> <span class='ocrx_word' id='word_1_14' title='bbox 441 715 588 799; x_wconf 84' lang='grc' dir='ltr'><strong><em>ἁρμόσας</em></strong></span> <span class='ocrx_word' id='word_1_15' title='bbox 620 714 774 781; x_wconf 76' lang='grc' dir='ltr'><strong><em>διέλυσεν</em></strong></span> <span class='ocrx_word' id='word_1_16' title='bbox 803 714 858 781; x_wconf 87' lang='grc' dir='ltr'><strong><em>καί</em></strong></span> <span class='ocrx_word' id='word_1_17' title='bbox 891 716 952 781; x_wconf 89' lang='grc' dir='ltr'><strong><em>οὐκ</em></strong></span> <span class='ocrx_word' id='word_1_18' title='bbox 980 718 1022 781; x_wconf 80' lang='grc' dir='ltr'><strong><em>ἄν</em></strong></span> <span class='ocrx_word' id='word_1_19' title='bbox 1048 740 1100 796; x_wconf 90' lang='grc' dir='ltr'><strong><em>τις</em></strong></span> 
     </span>
     <span class='ocr_line' id='line_1_5' title="bbox 87 822 1099 909; baseline 0.001 -21"><span class='ocrx_word' id='word_1_20' title='bbox 87 823 157 908; x_wconf 80' lang='grc' dir='ltr'><strong><em>έρελ</em></strong></span> <span class='ocrx_word' id='word_1_21' title='bbox 189 831 274 888; x_wconf 85' lang='grc' dir='ltr'><strong><em>νοῦν</em></strong></span> <span class='ocrx_word' id='word_1_22' title='bbox 306 825 405 906; x_wconf 83' lang='grc' dir='ltr'><strong><em>ἔχων,</em></strong></span> <span class='ocrx_word' id='word_1_23' title='bbox 436 822 480 899; x_wconf 82' lang='grc' dir='ltr'><strong><em>δις</em></strong></span> <span class='ocrx_word' id='word_1_24' title='bbox 507 824 569 905; x_wconf 81' lang='grc' dir='ltr'><strong><em>τὴν</em></strong></span> <span class='ocrx_word' id='word_1_25' title='bbox 595 827 703 899; x_wconf 83' lang='grc' dir='ltr'><strong><em>καλῶς</em></strong></span> <span class='ocrx_word' id='word_1_26' title='bbox 730 822 959 907; x_wconf 76' lang='grc' dir='ltr'><strong><em>ἁρμοσθεῖσαν</em></strong></span> <span class='ocrx_word' id='word_1_27' title='bbox 991 825 1099 909; x_wconf 89' lang='grc' dir='ltr'><strong><em>λύραν</em></strong></span> 
     </span>
     <span class='ocr_line' id='line_1_6' title="bbox 82 927 1098 1016; baseline 0 -21"><span class='ocrx_word' id='word_1_28' title='bbox 82 932 183 995; x_wconf 80' lang='grc' dir='ltr'><strong><em>λύειν</em></strong></span> <span class='ocrx_word' id='word_1_29' title='bbox 210 927 342 994; x_wconf 76' lang='grc' dir='ltr'><strong><em>ἐθέλειν</em></strong></span> <span class='ocrx_word' id='word_1_30' title='bbox 368 938 472 994; x_wconf 87' lang='grc' dir='ltr'><strong><em>κακοῦ</em></strong></span> <span class='ocrx_word' id='word_1_31' title='bbox 500 927 554 992; x_wconf 89' lang='grc' dir='ltr'><strong><em>καί</em></strong></span> <span class='ocrx_word' id='word_1_32' title='bbox 582 928 763 1006; x_wconf 88' lang='grc' dir='ltr'><strong><em>κακυνθείς</em></strong></span> <span class='ocrx_word' id='word_1_33' title='bbox 789 933 953 1016; x_wconf 88' lang='grc' dir='ltr'><strong><em>πρότερον</em></strong></span> <span class='ocrx_word' id='word_1_34' title='bbox 975 930 993 996; x_wconf 91' lang='lat'>6</span> <span class='ocrx_word' id='word_1_35' title='bbox 1016 954 1098 1013; x_wconf 83' lang='grc' dir='ltr'><strong><em>μου·</em></strong></span> 
     </span>
     <span class='ocr_line' id='line_1_7' title="bbox 81 1030 1092 1120; baseline -0.001 -18"><span class='ocrx_word' id='word_1_36' title='bbox 81 1037 182 1114; x_wconf 86' lang='grc' dir='ltr'><strong><em>σικὸς</em></strong></span> <span class='ocrx_word' id='word_1_37' title='bbox 209 1037 296 1101; x_wconf 80' lang='grc' dir='ltr'><strong><em>οὕτω</em></strong></span> <span class='ocrx_word' id='word_1_38' title='bbox 323 1037 385 1119; x_wconf 77' lang='grc' dir='ltr'><strong><em>τὴν</em></strong></span> <span class='ocrx_word' id='word_1_39' title='bbox 412 1030 450 1100; x_wconf 89' lang='grc' dir='ltr'><strong><em>εὖ</em></strong></span> <span class='ocrx_word' id='word_1_40' title='bbox 478 1038 621 1120; x_wconf 83' lang='grc' dir='ltr'><strong><em>ἔχουσαν</em></strong></span> <span class='ocrx_word' id='word_1_41' title='bbox 648 1035 812 1120; x_wconf 80' lang='grc' dir='ltr'><strong><em>ἁρμονίαν</em></strong></span> <span class='ocrx_word' id='word_1_42' title='bbox 834 1037 999 1120; x_wconf 82' lang='grc' dir='ltr'><strong><em>διέλυσεν,</em></strong></span> <span class='ocrx_word' id='word_1_43' title='bbox 1022 1035 1092 1101; x_wconf 82' lang='grc' dir='ltr'><strong><em>ἀλλ’</em></strong></span> 
     </span>
     <span class='ocr_line' id='line_1_8' title="bbox 79 1140 1136 1229; baseline -0.001 -20"><span class='ocrx_word' id='word_1_44' title='bbox 79 1140 178 1228; x_wconf 82' lang='grc' dir='ltr'><strong><em>οἶμαι</em></strong></span> <span class='ocrx_word' id='word_1_45' title='bbox 206 1141 306 1206; x_wconf 81' lang='grc' dir='ltr'><strong><em>παντί</em></strong></span> <span class='ocrx_word' id='word_1_46' title='bbox 334 1141 453 1225; x_wconf 82' lang='grc' dir='ltr'><strong><em>δῆλον,</em></strong></span> <span class='ocrx_word' id='word_1_47' title='bbox 480 1140 536 1205; x_wconf 89' lang='grc' dir='ltr'><strong><em>καί</em></strong></span> <span class='ocrx_word' id='word_1_48' title='bbox 563 1142 608 1218; x_wconf 80' lang='grc' dir='ltr'><strong><em>ὡς</em></strong></span> <span class='ocrx_word' id='word_1_49' title='bbox 634 1145 798 1229; x_wconf 85' lang='grc' dir='ltr'><strong><em>πρότερον</em></strong></span> <span class='ocrx_word' id='word_1_50' title='bbox 821 1147 928 1220; x_wconf 84' lang='grc' dir='ltr'><strong><em>καλῶς</em></strong></span> <span class='ocrx_word' id='word_1_51' title='bbox 950 1145 1097 1227; x_wconf 79' lang='grc' dir='ltr'><strong><em>ἥρμοσεν</em></strong></span> <span class='ocrx_word' id='word_1_52' title='bbox 1124 1176 1136 1216; x_wconf 71' lang='lat'>⁵</span> 
     </span>
     <span class='ocr_line' id='line_1_9' title="bbox 78 1244 1097 1337; baseline 0 -21"><span class='ocrx_word' id='word_1_53' title='bbox 78 1250 138 1316; x_wconf 87' lang='grc' dir='ltr'><strong><em>καί</em></strong></span> <span class='ocrx_word' id='word_1_54' title='bbox 167 1251 206 1314; x_wconf 85' lang='grc' dir='ltr'><strong><em>τὸ</em></strong></span> <span class='ocrx_word' id='word_1_55' title='bbox 235 1244 407 1334; x_wconf 72' lang='grc' dir='ltr'><strong><em>άρμοσθὲν</em></strong></span> <span class='ocrx_word' id='word_1_56' title='bbox 434 1248 535 1312; x_wconf 92' lang='grc' dir='ltr'><strong><em>πάλιν</em></strong></span> <span class='ocrx_word' id='word_1_57' title='bbox 558 1252 666 1325; x_wconf 82' lang='grc' dir='ltr'><strong><em>καλῶς</em></strong></span> <span class='ocrx_word' id='word_1_58' title='bbox 689 1248 851 1314; x_wconf 81' lang='grc' dir='ltr'><strong><em>διέλυσεν.</em></strong></span> <span class='ocrx_word' id='word_1_59' title='bbox 897 1254 1009 1337; x_wconf 75' lang='grc' dir='ltr'><strong><em>πολλῷ</em></strong></span> <span class='ocrx_word' id='word_1_60' title='bbox 1033 1244 1097 1316; x_wconf 80' lang='grc' dir='ltr'><strong><em>οὖν</em></strong></span> 
     </span>
     <span class='ocr_line' id='line_1_10' title="bbox 77 1353 1096 1441; baseline 0.005 -23"><span class='ocrx_word' id='word_1_61' title='bbox 77 1358 122 1441; x_wconf 75' lang='grc' dir='ltr'><strong><em>δὴ</em></strong></span> <span class='ocrx_word' id='word_1_62' title='bbox 143 1355 310 1440; x_wconf 86' lang='grc' dir='ltr'><strong><em>μᾶλλονὸ</em></strong></span> <span class='ocrx_word' id='word_1_63' title='bbox 335 1356 439 1430; x_wconf 84' lang='grc' dir='ltr'><strong><em>ὅντως</em></strong></span> <span class='ocrx_word' id='word_1_64' title='bbox 462 1353 590 1437; x_wconf 79' lang='grc' dir='ltr'><strong><em>ἀγαθὸς</em></strong></span> <span class='ocrx_word' id='word_1_65' title='bbox 613 1353 668 1418; x_wconf 86' lang='grc' dir='ltr'><strong><em>καί</em></strong></span> <span class='ocrx_word' id='word_1_66' title='bbox 691 1357 753 1438; x_wconf 80' lang='grc' dir='ltr'><strong><em>τὴν</em></strong></span> <span class='ocrx_word' id='word_1_67' title='bbox 776 1356 881 1440; x_wconf 70' lang='grc' dir='ltr'><strong><em>ἀρχὴν</em></strong></span> <span class='ocrx_word' id='word_1_68' title='bbox 904 1355 947 1421; x_wconf 88' lang='grc' dir='ltr'><strong><em>δι’</em></strong></span> <span class='ocrx_word' id='word_1_69' title='bbox 970 1357 1096 1440; x_wconf 87' lang='grc' dir='ltr'><strong><em>άγαθό·</em></strong></span> 
     </span>
     <span class='ocr_line' id='line_1_11' title="bbox 77 1459 1096 1548; baseline 0.002 -21"><span class='ocrx_word' id='word_1_70' title='bbox 77 1487 164 1548; x_wconf 89' lang='grc' dir='ltr'><strong><em>τητα</em></strong></span> <span class='ocrx_word' id='word_1_71' title='bbox 187 1463 248 1526; x_wconf 87' lang='grc' dir='ltr'><strong><em>τὸν</em></strong></span> <span class='ocrx_word' id='word_1_72' title='bbox 270 1463 396 1544; x_wconf 91' lang='grc' dir='ltr'><strong><em>κόσμον</em></strong></span> <span class='ocrx_word' id='word_1_73' title='bbox 419 1459 615 1544; x_wconf 82' lang='grc' dir='ltr'><strong><em>συνέστησε,</em></strong></span> <span class='ocrx_word' id='word_1_74' title='bbox 642 1459 697 1525; x_wconf 85' lang='grc' dir='ltr'><strong><em>καί</em></strong></span> <span class='ocrx_word' id='word_1_75' title='bbox 724 1462 784 1526; x_wconf 89' lang='grc' dir='ltr'><strong><em>τὸν</em></strong></span> <span class='ocrx_word' id='word_1_76' title='bbox 812 1462 915 1527; x_wconf 89' lang='grc' dir='ltr'><strong><em>αὐτὸν</em></strong></span> <span class='ocrx_word' id='word_1_77' title='bbox 940 1465 1044 1528; x_wconf 88' lang='grc' dir='ltr'><strong><em>πάλιν</em></strong></span> <span class='ocrx_word' id='word_1_78' title='bbox 1066 1466 1096 1530; x_wconf 89' lang='grc' dir='ltr'><strong><em>εἰ</em></strong></span> 
     </span>
     <span class='ocr_line' id='line_1_12' title="bbox 78 1566 1095 1655; baseline 0.002 -21"><span class='ocrx_word' id='word_1_79' title='bbox 78 1572 285 1653; x_wconf 76' lang='grc' dir='ltr'><strong><em>βουληθείη,</em></strong></span> <span class='ocrx_word' id='word_1_80' title='bbox 314 1568 425 1632; x_wconf 77' lang='grc' dir='ltr'><strong><em>αἰτίαν</em></strong></span> <span class='ocrx_word' id='word_1_81' title='bbox 446 1567 548 1631; x_wconf 87' lang='grc' dir='ltr'><strong><em>κάλιν</em></strong></span> <span class='ocrx_word' id='word_1_82' title='bbox 571 1566 635 1644; x_wconf 74' lang='grc' dir='ltr'><strong><em>ἔξει</em></strong></span> <span class='ocrx_word' id='word_1_83' title='bbox 658 1577 716 1651; x_wconf 81' lang='grc' dir='ltr'><strong><em>τῆς</em></strong></span> <span class='ocrx_word' id='word_1_84' title='bbox 739 1570 864 1646; x_wconf 84' lang='grc' dir='ltr'><strong><em>λύσεως</em></strong></span> <span class='ocrx_word' id='word_1_85' title='bbox 887 1572 948 1654; x_wconf 80' lang='grc' dir='ltr'><strong><em>τὴν</em></strong></span> <span class='ocrx_word' id='word_1_86' title='bbox 970 1571 1095 1655; x_wconf 84' lang='grc' dir='ltr'><strong><em>ἀγαθό-</em></strong></span> 
     </span>
     <span class='ocr_line' id='line_1_13' title="bbox 80 1673 1135 1761; baseline 0.004 -22"><span class='ocrx_word' id='word_1_87' title='bbox 80 1700 177 1761; x_wconf 87' lang='grc' dir='ltr'><strong><em>τητα,</em></strong></span> <span class='ocrx_word' id='word_1_88' title='bbox 206 1673 269 1740; x_wconf 82' lang='grc' dir='ltr'><strong><em>κᾶν</em></strong></span> <span class='ocrx_word' id='word_1_89' title='bbox 296 1674 377 1757; x_wconf 77' lang='grc' dir='ltr'><strong><em>ἡμῖν</em></strong></span> <span class='ocrx_word' id='word_1_90' title='bbox 405 1673 423 1738; x_wconf 89' lang='lat'>6</span> <span class='ocrx_word' id='word_1_91' title='bbox 451 1676 551 1756; x_wconf 80' lang='grc' dir='ltr'><strong><em>λόγος</em></strong></span> <span class='ocrx_word' id='word_1_92' title='bbox 581 1673 749 1757; x_wconf 81' lang='grc' dir='ltr'><strong><em>άγνοείται</em></strong></span> <span class='ocrx_word' id='word_1_93' title='bbox 772 1685 830 1759; x_wconf 83' lang='grc' dir='ltr'><strong><em>τῆς</em></strong></span> <span class='ocrx_word' id='word_1_94' title='bbox 852 1677 991 1752; x_wconf 82' lang='grc' dir='ltr'><strong><em>λύσεως·</em></strong></span> <span class='ocrx_word' id='word_1_95' title='bbox 1015 1675 1095 1743; x_wconf 84' lang='grc' dir='ltr'><strong><em>οὐδί</em></strong></span> <span class='ocrx_word' id='word_1_96' title='bbox 1109 1710 1135 1749; x_wconf 80' lang='lat'><strong><em>10</em></strong></span> 
     </span>
     <span class='ocr_line' id='line_1_14' title="bbox 82 1777 1095 1869; baseline 0.001 -21"><span class='ocrx_word' id='word_1_97' title='bbox 82 1786 143 1869; x_wconf 85' lang='grc' dir='ltr'><strong><em>γὰρ</em></strong></span> <span class='ocrx_word' id='word_1_98' title='bbox 168 1777 219 1847; x_wconf 82' lang='grc' dir='ltr'><strong><em>ὧν</em></strong></span> <span class='ocrx_word' id='word_1_99' title='bbox 241 1783 299 1857; x_wconf 82' lang='grc' dir='ltr'><strong><em>τὰς</em></strong></span> <span class='ocrx_word' id='word_1_100' title='bbox 323 1783 430 1856; x_wconf 87' lang='grc' dir='ltr'><strong><em>αἰτίας</em></strong></span> <span class='ocrx_word' id='word_1_101' title='bbox 454 1779 644 1864; x_wconf 78' lang='grc' dir='ltr'><strong><em>ἀγνοοῦμεν</em></strong></span> <span class='ocrx_word' id='word_1_102' title='bbox 672 1777 821 1866; x_wconf 82' lang='grc' dir='ltr'><strong><em>(πολλῶν</em></strong></span> <span class='ocrx_word' id='word_1_103' title='bbox 844 1783 920 1867; x_wconf 90' lang='grc' dir='ltr'><strong><em>γάρ,</em></strong></span> <span class='ocrx_word' id='word_1_104' title='bbox 947 1784 1029 1866; x_wconf 86' lang='grc' dir='ltr'><strong><em>τάχα</em></strong></span> <span class='ocrx_word' id='word_1_105' title='bbox 1057 1781 1095 1850; x_wconf 75' lang='grc' dir='ltr'><strong><em>δέ</em></strong></span> 
     </span>
     <span class='ocr_line' id='line_1_15' title="bbox 82 1886 1095 1974; baseline 0 -19"><span class='ocrx_word' id='word_1_106' title='bbox 82 1892 217 1955; x_wconf 72' lang='grc' dir='ltr'><strong><em>πάντων</em></strong></span> <span class='ocrx_word' id='word_1_107' title='bbox 239 1889 325 1972; x_wconf 73' lang='grc' dir='ltr'><strong><em>ἡμᾶς</em></strong></span> <span class='ocrx_word' id='word_1_108' title='bbox 348 1888 381 1950; x_wconf 89' lang='grc' dir='ltr'><strong><em>οἰ</em></strong></span> <span class='ocrx_word' id='word_1_109' title='bbox 404 1889 499 1970; x_wconf 92' lang='grc' dir='ltr'><strong><em>λόγοι</em></strong></span> <span class='ocrx_word' id='word_1_110' title='bbox 525 1886 816 1974; x_wconf 78' lang='grc' dir='ltr'><strong><em>διαπεφεύγασιν),</em></strong></span> <span class='ocrx_word' id='word_1_111' title='bbox 839 1896 942 1952; x_wconf 88' lang='grc' dir='ltr'><strong><em>ταῦτα</em></strong></span> <span class='ocrx_word' id='word_1_112' title='bbox 964 1890 1095 1968; x_wconf 85' lang='grc' dir='ltr'><strong><em>πάντως</em></strong></span> 
     </span>
     <span class='ocr_line' id='line_1_16' title="bbox 84 1991 1093 2084; baseline 0.001 -24"><span class='ocrx_word' id='word_1_113' title='bbox 84 1995 214 2080; x_wconf 76' lang='grc' dir='ltr'><strong><em>οἰητέον</em></strong></span> <span class='ocrx_word' id='word_1_114' title='bbox 235 1993 256 2077; x_wconf 77' lang='grc' dir='ltr'><em>ἢ</em></span> <span class='ocrx_word' id='word_1_115' title='bbox 279 1994 386 2077; x_wconf 80' lang='grc' dir='ltr'><strong><em>μάτην</em></strong></span> <span class='ocrx_word' id='word_1_116' title='bbox 408 1992 429 2076; x_wconf 79' lang='grc' dir='ltr'><em>ἢ</em></span> <span class='ocrx_word' id='word_1_117' title='bbox 453 1991 506 2057; x_wconf 80' lang='grc' dir='ltr'><strong><em>ἐπὶ</em></strong></span> <span class='ocrx_word' id='word_1_118' title='bbox 529 2000 619 2080; x_wconf 75' lang='grc' dir='ltr'><strong><em>κακῷ</em></strong></span> <span class='ocrx_word' id='word_1_119' title='bbox 643 1997 812 2076; x_wconf 87' lang='grc' dir='ltr'><strong><em>γίνεσθαι·</em></strong></span> <span class='ocrx_word' id='word_1_120' title='bbox 831 2000 1011 2081; x_wconf 81' lang='grc' dir='ltr'><strong><em>μειρακίων</em></strong></span> <span class='ocrx_word' id='word_1_121' title='bbox 1030 1998 1093 2084; x_wconf 84' lang='grc' dir='ltr'><strong><em>γὰρ</em></strong></span> 
     </span>
     <span class='ocr_line' id='line_1_17' title="bbox 83 2099 1094 2189; baseline 0.002 -22"><span class='ocrx_word' id='word_1_122' title='bbox 83 2099 172 2187; x_wconf 81' lang='grc' dir='ltr'><strong><em>οἶμαι</em></strong></span> <span class='ocrx_word' id='word_1_123' title='bbox 191 2099 247 2165; x_wconf 89' lang='grc' dir='ltr'><strong><em>καί</em></strong></span> <span class='ocrx_word' id='word_1_124' title='bbox 266 2101 351 2186; x_wconf 81' lang='grc' dir='ltr'><strong><em>πρὸς</em></strong></span> <span class='ocrx_word' id='word_1_125' title='bbox 369 2101 409 2164; x_wconf 84' lang='grc' dir='ltr'><strong><em>τὰ</em></strong></span> <span class='ocrx_word' id='word_1_126' title='bbox 427 2101 573 2183; x_wconf 81' lang='grc' dir='ltr'><strong><em>αἰσθητὰ</em></strong></span> <span class='ocrx_word' id='word_1_127' title='bbox 591 2103 788 2184; x_wconf 83' lang='grc' dir='ltr'><strong><em>κεχηνότων,</em></strong></span> <span class='ocrx_word' id='word_1_128' title='bbox 807 2102 837 2166; x_wconf 88' lang='grc' dir='ltr'><strong><em>εἰ</em></strong></span> <span class='ocrx_word' id='word_1_129' title='bbox 860 2103 897 2166; x_wconf 87' lang='grc' dir='ltr'><strong><em>τὸ</em></strong></span> <span class='ocrx_word' id='word_1_130' title='bbox 922 2102 1094 2189; x_wconf 85' lang='grc' dir='ltr'><strong><em>δρώμενον</em></strong></span> 
     </span>
     <span class='ocr_line' id='line_1_18' title="bbox 82 2206 1134 2291; baseline 0.007 -19"><span class='ocrx_word' id='word_1_131' title='bbox 82 2212 201 2291; x_wconf 84' lang='grc' dir='ltr'><strong><em>λυθείη</em></strong></span> <span class='ocrx_word' id='word_1_132' title='bbox 238 2209 375 2288; x_wconf 88' lang='grc' dir='ltr'><strong><em>κάλλος,</em></strong></span> <span class='ocrx_word' id='word_1_133' title='bbox 411 2206 516 2270; x_wconf 89' lang='grc' dir='ltr'><strong><em>κακὸν</em></strong></span> <span class='ocrx_word' id='word_1_134' title='bbox 552 2207 615 2288; x_wconf 79' lang='grc' dir='ltr'><strong><em>ἤδη</em></strong></span> <span class='ocrx_word' id='word_1_135' title='bbox 653 2207 709 2270; x_wconf 86' lang='grc' dir='ltr'><strong><em>διὰ</em></strong></span> <span class='ocrx_word' id='word_1_136' title='bbox 744 2217 844 2272; x_wconf 86' lang='grc' dir='ltr'><strong><em>τοῦτο</em></strong></span> <span class='ocrx_word' id='word_1_137' title='bbox 877 2210 937 2273; x_wconf 92' lang='grc' dir='ltr'><strong><em>τὸν</em></strong></span> <span class='ocrx_word' id='word_1_138' title='bbox 969 2212 1093 2276; x_wconf 87' lang='grc' dir='ltr'><strong><em>λύοντα</em></strong></span> <span class='ocrx_word' id='word_1_139' title='bbox 1107 2239 1134 2280; x_wconf 84' lang='grc' dir='ltr'><strong><em>ιε</em></strong></span> 
     </span>
     <span class='ocr_line' id='line_1_19' title="bbox 81 2307 1146 2402; baseline -0.002 -21"><span class='ocrx_word' id='word_1_140' title='bbox 81 2322 227 2381; x_wconf 76' lang='grc' dir='ltr'><strong><em>οἴεσθαι·</em></strong></span> <span class='ocrx_word' id='word_1_141' title='bbox 251 2322 350 2377; x_wconf 85' lang='grc' dir='ltr'><strong><em>τοῦτο</em></strong></span> <span class='ocrx_word' id='word_1_142' title='bbox 374 2314 438 2397; x_wconf 85' lang='grc' dir='ltr'><strong><em>γὰρ</em></strong></span> <span class='ocrx_word' id='word_1_143' title='bbox 462 2307 555 2377; x_wconf 82' lang='grc' dir='ltr'><strong><em>εἶπεν</em></strong></span> <span class='ocrx_word' id='word_1_144' title='bbox 578 2311 621 2376; x_wconf 84' lang='grc' dir='ltr'><strong><em>άν</em></strong></span> <span class='ocrx_word' id='word_1_145' title='bbox 645 2318 723 2390; x_wconf 88' lang='grc' dir='ltr'><strong><em>ίσως</em></strong></span> <span class='ocrx_word' id='word_1_146' title='bbox 742 2312 747 2399; x_wconf 66' lang='grc' dir='ltr'><strong><em>ἰ</em></strong></span> <span class='ocrx_word' id='word_1_147' title='bbox 767 2314 823 2379; x_wconf 86' lang='grc' dir='ltr'><strong><em>καί</em></strong></span> <span class='ocrx_word' id='word_1_148' title='bbox 847 2315 865 2380; x_wconf 92' lang='lat'>6</span> <span class='ocrx_word' id='word_1_149' title='bbox 889 2326 949 2381; x_wconf 87' lang='grc' dir='ltr'><strong><em>τοῦ</em></strong></span> <span class='ocrx_word' id='word_1_150' title='bbox 973 2328 1031 2402; x_wconf 79' lang='grc' dir='ltr'><strong><em>της</em></strong></span> <span class='ocrx_word' id='word_1_151' title='bbox 1045 2334 1146 2379; x_wconf 57' lang='lat' dir='ltr'><strong>fomur.</strong></span> 
     </span>
     <span class='ocr_line' id='line_1_20' title="bbox 77 2418 1093 2510; baseline 0.004 -24"><span class='ocrx_word' id='word_1_152' title='bbox 77 2419 209 2504; x_wconf 83' lang='grc' dir='ltr'><strong><em>Ἑλένης</em></strong></span> <span class='ocrx_word' id='word_1_153' title='bbox 233 2418 276 2484; x_wconf 88' lang='grc' dir='ltr'><strong><em>δι’</em></strong></span> <span class='ocrx_word' id='word_1_154' title='bbox 300 2422 405 2504; x_wconf 81' lang='grc' dir='ltr'><strong><em>ἔρωτα</em></strong></span> <span class='ocrx_word' id='word_1_155' title='bbox 428 2420 572 2496; x_wconf 81' lang='grc' dir='ltr'><strong><em>κάλλους</em></strong></span> <span class='ocrx_word' id='word_1_156' title='bbox 595 2418 774 2503; x_wconf 80' lang='grc' dir='ltr'><strong><em>ἡττημένος</em></strong></span> <span class='ocrx_word' id='word_1_157' title='bbox 796 2420 851 2486; x_wconf 89' lang='grc' dir='ltr'><strong><em>καί</em></strong></span> <span class='ocrx_word' id='word_1_158' title='bbox 874 2425 935 2506; x_wconf 81' lang='grc' dir='ltr'><strong><em>την</em></strong></span> <span class='ocrx_word' id='word_1_159' title='bbox 954 2423 1093 2510; x_wconf 89' lang='grc' dir='ltr'><strong><em>άρίστην</em></strong></span> 
     </span>
     <span class='ocr_line' id='line_1_21' title="bbox 79 2524 1092 2614; baseline 0.003 -21"><span class='ocrx_word' id='word_1_160' title='bbox 79 2525 252 2611; x_wconf 79' lang='grc' dir='ltr'><strong><em>ἐκπλαγείς</em></strong></span> <span class='ocrx_word' id='word_1_161' title='bbox 274 2536 342 2590; x_wconf 84' lang='grc' dir='ltr'><strong><em>τῶν</em></strong></span> <span class='ocrx_word' id='word_1_162' title='bbox 364 2536 476 2610; x_wconf 82' lang='grc' dir='ltr'><strong><em>μερῶν</em></strong></span> <span class='ocrx_word' id='word_1_163' title='bbox 499 2524 600 2609; x_wconf 80' lang='grc' dir='ltr'><strong><em>αὐτῆς</em></strong></span> <span class='ocrx_word' id='word_1_164' title='bbox 624 2532 829 2612; x_wconf 83' lang='grc' dir='ltr'><strong><em>συμμετρίαν</em></strong></span> <span class='ocrx_word' id='word_1_165' title='bbox 852 2528 907 2593; x_wconf 80' lang='grc' dir='ltr'><strong><em>καλ</em></strong></span> <span class='ocrx_word' id='word_1_166' title='bbox 935 2531 1092 2614; x_wconf 82' lang='grc' dir='ltr'><strong><em>εὔχροιαν</em></strong></span> 
     </span>
     <span class='ocr_line' id='line_1_22' title="bbox 79 2630 1092 2719; baseline 0.005 -21"><span class='ocrx_word' id='word_1_167' title='bbox 79 2646 146 2713; x_wconf 75' lang='grc' dir='ltr'><strong><em>τοῖς</em></strong></span> <span class='ocrx_word' id='word_1_168' title='bbox 169 2632 246 2719; x_wconf 78' lang='grc' dir='ltr'><strong><em>περὶ</em></strong></span> <span class='ocrx_word' id='word_1_169' title='bbox 274 2633 387 2717; x_wconf 77' lang='grc' dir='ltr'><strong><em>ψυχὴν</em></strong></span> <span class='ocrx_word' id='word_1_170' title='bbox 410 2631 472 2695; x_wconf 88' lang='grc' dir='ltr'><strong><em>οὐκ</em></strong></span> <span class='ocrx_word' id='word_1_171' title='bbox 495 2630 770 2716; x_wconf 79' lang='grc' dir='ltr'><strong><em>ἐμφιλοσοφήσας</em></strong></span> <span class='ocrx_word' id='word_1_172' title='bbox 792 2639 988 2719; x_wconf 81' lang='grc' dir='ltr'><strong><em>μαθήμασιν</em></strong></span> <span class='ocrx_word' id='word_1_173' title='bbox 1011 2636 1092 2703; x_wconf 71' lang='grc' dir='ltr'><strong><em>οὐδὲ</em></strong></span> 
     </span>
     <span class='ocr_line' id='line_1_23' title="bbox 79 2735 1130 2824; baseline 0.006 -21"><span class='ocrx_word' id='word_1_174' title='bbox 79 2752 143 2806; x_wconf 81' lang='grc' dir='ltr'><strong><em>τῶν</em></strong></span> <span class='ocrx_word' id='word_1_175' title='bbox 167 2737 216 2804; x_wconf 71' lang='grc' dir='ltr'><strong><em>ἐπ’</em></strong></span> <span class='ocrx_word' id='word_1_176' title='bbox 245 2738 328 2823; x_wconf 78' lang='grc' dir='ltr'><strong><em>αὐτῇ</em></strong></span> <span class='ocrx_word' id='word_1_177' title='bbox 352 2748 409 2821; x_wconf 81' lang='grc' dir='ltr'><strong><em>τῆς</em></strong></span> <span class='ocrx_word' id='word_1_178' title='bbox 431 2741 592 2821; x_wconf 79' lang='grc' dir='ltr'><strong><em>προνοίας</em></strong></span> <span class='ocrx_word' id='word_1_179' title='bbox 616 2741 726 2821; x_wconf 82' lang='grc' dir='ltr'><strong><em>λόγον</em></strong></span> <span class='ocrx_word' id='word_1_180' title='bbox 749 2738 929 2824; x_wconf 80' lang='grc' dir='ltr'><strong><em>ἁψάμενος·</em></strong></span> <span class='ocrx_word' id='word_1_181' title='bbox 952 2735 1007 2807; x_wconf 90' lang='grc' dir='ltr'><strong><em>οἷα</em></strong></span> <span class='ocrx_word' id='word_1_182' title='bbox 1028 2745 1088 2809; x_wconf 85' lang='grc' dir='ltr'><strong><em>πά·</em></strong></span> <span class='ocrx_word' id='word_1_183' title='bbox 1104 2775 1130 2814; x_wconf 76' lang='grc' dir='ltr'><strong><em>ιο</em></strong></span> 
     </span>
     <span class='ocr_line' id='line_1_24' title="bbox 81 2841 1091 2934; baseline 0.005 -24"><span class='ocrx_word' id='word_1_184' title='bbox 81 2864 169 2932; x_wconf 86' lang='grc' dir='ltr'><strong><em>σχειν</em></strong></span> <span class='ocrx_word' id='word_1_185' title='bbox 193 2841 284 2928; x_wconf 82' lang='grc' dir='ltr'><strong><em>οἶμαι</em></strong></span> <span class='ocrx_word' id='word_1_186' title='bbox 308 2842 364 2908; x_wconf 88' lang='grc' dir='ltr'><strong><em>καί</em></strong></span> <span class='ocrx_word' id='word_1_187' title='bbox 386 2846 466 2920; x_wconf 91' lang='grc' dir='ltr'><strong><em>τοὺς</em></strong></span> <span class='ocrx_word' id='word_1_188' title='bbox 488 2846 579 2932; x_wconf 74' lang='grc' dir='ltr'><strong><em>μόνρο</em></strong></span> <span class='ocrx_word' id='word_1_189' title='bbox 603 2852 649 2930; x_wconf 76' lang='grc' dir='ltr'><strong><em>τῷ</em></strong></span> <span class='ocrx_word' id='word_1_190' title='bbox 673 2845 864 2934; x_wconf 77' lang='grc' dir='ltr'><strong><em>φαινομένῳ</em></strong></span> <span class='ocrx_word' id='word_1_191' title='bbox 888 2858 949 2913; x_wconf 85' lang='grc' dir='ltr'><strong><em>τοῦ</em></strong></span> <span class='ocrx_word' id='word_1_192' title='bbox 967 2852 1091 2928; x_wconf 86' lang='grc' dir='ltr'><strong><em>παντὸς</em></strong></span> 
     </span>
     <span class='ocr_line' id='line_1_25' title="bbox 82 2947 1091 3040; baseline 0.007 -25"><span class='ocrx_word' id='word_1_193' title='bbox 82 2957 189 3018; x_wconf 85' lang='grc' dir='ltr'><strong><em>κάλλει</em></strong></span> <span class='ocrx_word' id='word_1_194' title='bbox 218 2949 457 3037; x_wconf 83' lang='grc' dir='ltr'><strong><em>προσέχοντας,</em></strong></span> <span class='ocrx_word' id='word_1_195' title='bbox 491 2950 652 3027; x_wconf 77' lang='grc' dir='ltr'><strong><em>διακόψαι</em></strong></span> <span class='ocrx_word' id='word_1_196' title='bbox 681 2947 717 3015; x_wconf 73' lang='grc' dir='ltr'><strong><em>δὲ</em></strong></span> <span class='ocrx_word' id='word_1_197' title='bbox 746 2950 799 3016; x_wconf 81' lang='grc' dir='ltr'><strong><em>έπί</em></strong></span> <span class='ocrx_word' id='word_1_198' title='bbox 827 2956 906 3030; x_wconf 85' lang='grc' dir='ltr'><strong><em>τοὺς</em></strong></span> <span class='ocrx_word' id='word_1_199' title='bbox 934 2954 1091 3040; x_wconf 78' lang='grc' dir='ltr'><strong><em>ἀρίστους</em></strong></span> 
     </span>
     <span class='ocr_line' id='line_1_26' title="bbox 83 3056 1090 3152; baseline 0.005 -30"><span class='ocrx_word' id='word_1_200' title='bbox 83 3068 133 3143; x_wconf 78' lang='grc' dir='ltr'><strong><em>της</em></strong></span> <span class='ocrx_word' id='word_1_201' title='bbox 155 3062 316 3144; x_wconf 79' lang='grc' dir='ltr'><strong><em>προνοίας</em></strong></span> <span class='ocrx_word' id='word_1_202' title='bbox 339 3060 461 3141; x_wconf 87' lang='grc' dir='ltr'><strong><em>λόγους</em></strong></span> <span class='ocrx_word' id='word_1_203' title='bbox 485 3056 767 3140; x_wconf 81' lang='grc' dir='ltr'><strong><em>άδυνατησαντας,</em></strong></span> <span class='ocrx_word' id='word_1_204' title='bbox 786 3058 845 3136; x_wconf 84' lang='grc' dir='ltr'><strong><em>οὓς</em></strong></span> <span class='ocrx_word' id='word_1_205' title='bbox 869 3058 921 3124; x_wconf 83' lang='grc' dir='ltr'><strong><em>έπί</em></strong></span> <span class='ocrx_word' id='word_1_206' title='bbox 945 3069 1090 3152; x_wconf 76' lang='grc' dir='ltr'><strong><em>σωτηρίη</em></strong></span> 
     </span>
     <span class='ocr_line' id='line_1_27' title="bbox 82 3160 1087 3250; baseline 0.007 -21"><span class='ocrx_word' id='word_1_207' title='bbox 82 3165 129 3231; x_wconf 74' lang='lat' dir='ltr'><strong><em>nal</em></strong></span> <span class='ocrx_word' id='word_1_208' title='bbox 161 3166 329 3230; x_wconf 81' lang='grc' dir='ltr'><strong><em>τελειώσει</em></strong></span> <span class='ocrx_word' id='word_1_209' title='bbox 361 3173 428 3228; x_wconf 82' lang='grc' dir='ltr'><strong><em>τῶν</em></strong></span> <span class='ocrx_word' id='word_1_210' title='bbox 460 3160 498 3227; x_wconf 83' lang='grc' dir='ltr'><strong><em>έν</em></strong></span> <span class='ocrx_word' id='word_1_211' title='bbox 528 3171 575 3250; x_wconf 77' lang='grc' dir='ltr'><strong><em>τῷ</em></strong></span> <span class='ocrx_word' id='word_1_212' title='bbox 607 3162 706 3227; x_wconf 86' lang='grc' dir='ltr'><strong><em>παντί</em></strong></span> <span class='ocrx_word' id='word_1_213' title='bbox 738 3166 884 3247; x_wconf 83' lang='grc' dir='ltr'><strong><em>λογικῶν</em></strong></span> <span class='ocrx_word' id='word_1_214' title='bbox 915 3168 1041 3235; x_wconf 83' lang='grc' dir='ltr'><strong><em>οὐσιῶν</em></strong></span> <span class='ocrx_word' id='word_1_215' title='bbox 1069 3171 1087 3236; x_wconf 86' lang='lat'>6</span> 
     </span>
     <span class='ocr_line' id='line_1_28' title="bbox 79 3271 1126 3356; baseline 0.018 -29"><span class='ocrx_word' id='word_1_216' title='bbox 79 3271 155 3351; x_wconf 82' lang='grc' dir='ltr'><strong><em>θεὸς</em></strong></span> <span class='ocrx_word' id='word_1_217' title='bbox 178 3271 411 3356; x_wconf 74' lang='grc' dir='ltr'><strong><em>μεμηχάνηται.</em></strong></span> <span class='ocrx_word' id='word_1_218' title='bbox 1100 3305 1126 3346; x_wconf 78' lang='grc' dir='ltr'><strong><em>ει</em></strong></span> 
     </span>
     <span class='ocr_line' id='line_1_29' title="bbox 140 3372 1085 3467; baseline 0.007 -25"><span class='ocrx_word' id='word_1_219' title='bbox 140 3378 178 3443; x_wconf 86' lang='grc' dir='ltr'><strong><em>ε’.</em></strong></span> <span class='ocrx_word' id='word_1_220' title='bbox 202 3374 367 3441; x_wconf 90' lang='grc' dir='ltr'><strong><em>Μετιτέον</em></strong></span> <span class='ocrx_word' id='word_1_221' title='bbox 396 3372 434 3439; x_wconf 71' lang='grc' dir='ltr'><strong><em>δὲ</em></strong></span> <span class='ocrx_word' id='word_1_222' title='bbox 462 3373 516 3439; x_wconf 88' lang='grc' dir='ltr'><strong><em>καί</em></strong></span> <span class='ocrx_word' id='word_1_223' title='bbox 547 3376 655 3452; x_wconf 83' lang='grc' dir='ltr'><strong><em>άλλως</em></strong></span> <span class='ocrx_word' id='word_1_224' title='bbox 683 3375 762 3459; x_wconf 78' lang='grc' dir='ltr'><strong><em>ἡμῖν</em></strong></span> <span class='ocrx_word' id='word_1_225' title='bbox 790 3379 827 3442; x_wconf 89' lang='grc' dir='ltr'><strong><em>τὸ</em></strong></span> <span class='ocrx_word' id='word_1_226' title='bbox 856 3386 1085 3467; x_wconf 89' lang='grc' dir='ltr'><strong><em>προκείμενον.</em></strong></span> 
     </span>
     <span class='ocr_line' id='line_1_30' title="bbox 71 3471 1083 3569; baseline 0.013 -27"><span class='ocrx_word' id='word_1_227' title='bbox 71 3471 208 3561; x_wconf 70' lang='grc' dir='ltr'><strong><em>’ἅλυτος</em></strong></span> <span class='ocrx_word' id='word_1_228' title='bbox 231 3485 295 3569; x_wconf 86' lang='grc' dir='ltr'><strong><em>γὰρ</em></strong></span> <span class='ocrx_word' id='word_1_229' title='bbox 318 3483 383 3547; x_wconf 81' lang='grc' dir='ltr'><strong><em>ὑπὸ</em></strong></span> <span class='ocrx_word' id='word_1_230' title='bbox 407 3492 475 3545; x_wconf 86' lang='grc' dir='ltr'><strong><em>τῶν</em></strong></span> <span class='ocrx_word' id='word_1_231' title='bbox 498 3482 630 3565; x_wconf 82' lang='grc' dir='ltr'><strong><em>άλλων’,</em></strong></span> <span class='ocrx_word' id='word_1_232' title='bbox 659 3486 774 3567; x_wconf 82' lang='grc' dir='ltr'><strong><em>φησίν,</em></strong></span> <span class='ocrx_word' id='word_1_233' title='bbox 798 3485 897 3569; x_wconf 76' lang='grc' dir='ltr'><strong><em>&lt;πλὴν</em></strong></span> <span class='ocrx_word' id='word_1_234' title='bbox 919 3498 979 3553; x_wconf 91' lang='grc' dir='ltr'><strong><em>τοῦ</em></strong></span> <span class='ocrx_word' id='word_1_235' title='bbox 1003 3509 1083 3554; x_wconf 89' lang='grc' dir='ltr'><strong><em>συν-</em></strong></span> 
     </span>
    </p>
   </div>
   <div class='ocr_carea' id='block_1_4' title="bbox 146 3707 1087 3854">
    <p class='ocr_par' dir='ltr' id='par_1_4' title="bbox 146 3707 1087 3854">
     <span class='ocr_line' id='line_1_31' title="bbox 146 3707 1087 3854; baseline 0.006 -87"><span class='ocrx_word' id='word_1_236' title='bbox 146 3719 168 3766; x_wconf 80' lang='grc' dir='ltr'><strong><em>ό.</em></strong></span> <span class='ocrx_word' id='word_1_237' title='bbox 188 3711 297 3854; x_wconf 31' lang='lat' dir='ltr'><strong><em>nami&amp;</em></strong></span> <span class='ocrx_word' id='word_1_238' title='bbox 305 3711 433 3781; x_wconf 63' lang='grc' dir='ltr'><strong><em>παντληί,</em></strong></span> <span class='ocrx_word' id='word_1_239' title='bbox 448 3725 481 3762; x_wconf 81' lang='lat' dir='ltr'><strong><em>ex</em></strong></span> <span class='ocrx_word' id='word_1_240' title='bbox 497 3730 515 3776; x_wconf 90' lang='grc' dir='ltr'><strong><em>ι,</em></strong></span> <span class='ocrx_word' id='word_1_241' title='bbox 530 3707 559 3760; x_wconf 88' lang='grc' dir='ltr'>Μ</span> <span class='ocrx_word' id='word_1_242' title='bbox 615 3716 638 3764; x_wconf 91' lang='grc'><strong><em>9.</em></strong></span> <span class='ocrx_word' id='word_1_243' title='bbox 659 3710 721 3764; x_wconf 81' lang='lat' dir='ltr'>fort.</span> <span class='ocrx_word' id='word_1_244' title='bbox 741 3713 893 3783; x_wconf 80' lang='grc' dir='ltr'><strong><em>βουληθείη</em></strong></span> <span class='ocrx_word' id='word_1_245' title='bbox 913 3716 1087 3792; x_wconf 71' lang='grc' dir='ltr'><strong><em>(διαλῦσαι)</em></strong></span> 
     </span>
    </p>
   </div>
   <div class='ocr_carea' id='block_1_5' title="bbox 28 3775 1120 3951">
    <p class='ocr_par' dir='ltr' id='par_1_5' title="bbox 28 3775 1120 3951">
     <span class='ocr_line' id='line_1_32' title="bbox 44 3775 1102 3858; baseline 0.019 -30"><span class='ocrx_word' id='word_1_246' title='bbox 44 3775 274 3855; x_wconf 67' lang='grc' dir='ltr'><strong><em>ἐκλυθῆναι</em></strong></span> <span class='ocrx_word' id='word_1_247' title='bbox 378 3787 418 3835; x_wconf 84' lang='grc'><strong><em>10.</em></strong></span> <span class='ocrx_word' id='word_1_248' title='bbox 439 3781 612 3851; x_wconf 79' lang='grc' dir='ltr'><strong><em>δχνοηταιμ</em></strong></span> <span class='ocrx_word' id='word_1_249' title='bbox 685 3786 727 3836; x_wconf 88' lang='grc'><strong><em>18.</em></strong></span> <span class='ocrx_word' id='word_1_250' title='bbox 747 3781 812 3840; x_wconf 75' lang='lat' dir='ltr'><strong>fort.</strong></span> <span class='ocrx_word' id='word_1_251' title='bbox 833 3789 921 3858; x_wconf 69' lang='grc' dir='ltr'><strong><em>μελῶν</em></strong></span> <span class='ocrx_word' id='word_1_252' title='bbox 986 3796 1036 3846; x_wconf 65' lang='lat'><strong><em>16.</em></strong></span> <span class='ocrx_word' id='word_1_253' title='bbox 1056 3809 1102 3847; x_wconf 82' lang='grc' dir='ltr'><strong><em>εν-</em></strong></span> 
     </span>
     <span class='ocr_line' id='line_1_33' title="bbox 28 3846 1120 3951; baseline 0.012 -46"><span class='ocrx_word' id='word_1_254' title='bbox 28 3850 263 3951; x_wconf 51' lang='lat' dir='ltr'><strong><em>flammate</em></strong></span> <span class='ocrx_word' id='word_1_255' title='bbox 283 3852 313 3904; x_wconf 81' lang='lat' dir='ltr'><strong>M</strong></span> <span class='ocrx_word' id='word_1_256' title='bbox 336 3846 379 3908; x_wconf 75' lang='grc' dir='ltr'><strong><em>λετ.</em></strong></span> <span class='ocrx_word' id='word_1_257' title='bbox 400 3870 424 3921; x_wconf 78' lang='lat' dir='ltr'><em>p</em></span> <span class='ocrx_word' id='word_1_258' title='bbox 540 3856 580 3908; x_wconf 82' lang='lat'><strong><em>27.</em></strong></span> <span class='ocrx_word' id='word_1_259' title='bbox 607 3851 663 3911; x_wconf 80' lang='grc' dir='ltr'><strong><em>όπό</em></strong></span> <span class='ocrx_word' id='word_1_260' title='bbox 687 3876 739 3914; x_wconf 84' lang='grc' dir='ltr'><strong><em>τοο</em></strong></span> <span class='ocrx_word' id='word_1_261' title='bbox 764 3857 854 3919; x_wconf 79' lang='grc' dir='ltr'><strong><em>ἄλλον</em></strong></span> <span class='ocrx_word' id='word_1_262' title='bbox 876 3863 953 3938; x_wconf 84' lang='grc' dir='ltr'><strong><em>πλὴν</em></strong></span> <span class='ocrx_word' id='word_1_263' title='bbox 979 3864 1040 3921; x_wconf 59' lang='lat'><strong><em>666</em></strong></span> <span class='ocrx_word' id='word_1_264' title='bbox 1064 3870 1120 3918; x_wconf 60' lang='grc' dir='ltr'><strong><em>τοο</em></strong></span> 
     </span>
    </p>
   </div>
   <div class='ocr_carea' id='block_1_6' title="bbox 329 4014 333 4023">
    <p class='ocr_par' dir='ltr' id='par_1_6' title="bbox 329 4014 333 4023">
     <span class='ocr_line' id='line_1_34' title="bbox 329 4014 333 4023; baseline 0 0"><span class='ocrx_word' id='word_1_265' title='bbox 329 4014 333 4023; x_wconf 78' lang='grc' dir='ltr'><strong><em>ι</em></strong></span> 
     </span>
    </p>
   </div>
   <div class='ocr_carea' id='block_1_7' title="bbox 0 0 1202 4208">
    <p class='ocr_par' dir='ltr' id='par_1_7' title="bbox 0 0 1202 4208">
     <span class='ocr_line' id='line_1_35' title="bbox 0 0 1202 4208; baseline 0 0"><span class='ocrx_word' id='word_1_266' title='bbox 0 0 1202 4208; x_wconf 95' lang='lat' dir='ltr'><strong><em> </em></strong></span> 
     </span>
    </p>
   </div>
   <div class='ocr_carea' id='block_1_8' title="bbox 914 4041 955 4094">
    <p class='ocr_par' dir='ltr' id='par_1_8' title="bbox 914 4041 955 4094">
     <span class='ocr_line' id='line_1_36' title="bbox 914 4041 955 4094; baseline 0 -22"><span class='ocrx_word' id='word_1_267' title='bbox 914 4041 955 4094; x_wconf 57' lang='grc'><strong><em>1)*</em></strong></span> 
     </span>
    </p>
   </div>
  </div>
 </body>
</html>
