2394 4208
87 561 160 635 οι]
364 560 688 617 mmmmm
706 559 827 617 ιιιαοι
1058 564 1099 627 41

89 732 176 790 θεοῦ
200 725 373 810 δυνάμεως
396 729 432 792 ἔκ
454 749 489 790 τε
512 737 579 790 τῶν
601 736 726 790 κοινῶν
747 724 888 791 ἐννοιῶν
906 724 961 790 καὶ
980 724 1016 790 έκ
1035 736 1103 791 τῶν

87 831 394 917 μνημονευδένιων
425 832 655 898 ἀποδέδεικται
687 835 894 917 φιλοσόφων.
945 832 1028 897 ἀλλὰ
1060 834 1101 917 δὴ

87 937 147 1004 καὶ
178 939 198 1022 ἡ
230 938 307 1026 περὶ
338 950 396 1023 τῆς
428 938 625 1025 εἱμαρμένης
652 939 741 1016 ὅπως
770 938 813 1004 ἀν
839 942 908 1024 ἔχοι
936 940 1102 1023 ὑπόληψις

89 1043 266 1131 (διάφοροι
289 1047 352 1133 γάρ
377 1048 410 1111 αἱ
432 1045 508 1132 περὶ
530 1047 652 1130 ταύτης
675 1043 782 1133 δόξαι)
808 1046 915 1122 πάσας
937 1057 1004 1110 τῶν
1027 1050 1102 1130 μελ-

89 1154 222 1217 λόντων
252 1157 408 1236 γίνεσθαι
439 1151 707 1237 συνειλημμένος
735 1154 793 1230 τάς
824 1153 930 1229 αἰτίας
956 1150 1015 1236 ὑφ’
1043 1151 1102 1216 ἕνα
1130 1179 1144 1218 ε

89 1259 152 1323 τὸν
173 1269 232 1343 τῆς
254 1270 416 1345 καταρχῆς
443 1262 567 1345 χρόνον
590 1262 712 1345 ἔχουσα
736 1263 978 1346 προσημαίνειν
1000 1267 1102 1323 ταῦτα

89 1364 111 1448 ἢ
142 1363 198 1430 καί
227 1364 400 1431 ἀποτελεῖν
427 1364 544 1431 παισὶν
567 1363 735 1449 Ἑλλήνων
761 1370 982 1431 πεπίστευται.
1007 1366 1103 1429 τού,

90 1496 160 1537 των
189 1465 253 1537 οὖν
282 1472 362 1556 ἡμίν
391 1471 721 1558 προωμολογημένων
751 1472 875 1556 ἀνάγκη
905 1481 995 1536 πᾶσα
1021 1468 1098 1535 καθ’

91 1576 252 1664 ἑκατέραν
274 1575 390 1662 δόξαν,
417 1582 479 1663 τήν
501 1601 535 1642 τε
558 1577 634 1665 περὶ
662 1588 720 1662 τῆς
747 1582 908 1663 προνοίας
935 1575 1020 1662 φημὶ
1048 1575 1102 1641 καὶ

91 1686 154 1768 τὴν
185 1682 261 1770 περὶ
292 1695 351 1769 τῆς
382 1683 596 1771 εἱμαρμένης,
632 1695 700 1749 τῶν
740 1686 930 1768 μελλόντων
966 1687 1102 1748 ἔσεσθαι
1118 1710 1146 1752 ιο

93 1795 332 1876 προεγνῶσθαί
354 1815 388 1856 τε
415 1790 471 1856 καὶ
496 1793 724 1878 προϋπάρχειν
747 1793 825 1867 τοὺς
852 1792 982 1873 λόγους.
1027 1792 1102 1854 τού-

94 1921 156 1962 του
182 1895 220 1963 δέ
246 1898 353 1974 οὕτως
380 1901 513 1984 ἔχοντος
539 1896 638 1962 παντὶ
667 1898 785 1980 δῆλον,
816 1897 861 1972 ὡς
888 1894 949 1959 οὐκ
977 1894 1102 1979 ἀνάγκη

93 2014 165 2081 τοῖς
187 2014 255 2069 τῶν
278 2003 465 2088 γινομένων
493 2005 744 2090 δημιουργικοῑς
771 2006 885 2087 λόγοις
911 2025 946 2066 τε
973 2000 1028 2066 καὶ
1056 2004 1103 2066 αί-

92 2113 181 2188 τίαις
203 2112 430 2197 συνυπάρχειν
453 2112 493 2174 τά
519 2111 707 2194 πράγματα,
735 2110 934 2174 τούναντίον
962 2105 997 2173 δὲ
1023 2109 1104 2172 πάν-

92 2241 162 2282 των
184 2227 252 2282 τῶν
274 2216 462 2301 γινομένων
483 2217 711 2302 προϋπάρχειν
733 2218 811 2292 τοὺς
834 2216 956 2296 λόγους
979 2212 1014 2278 έκ
1037 2225 1104 2279 τῶν
1118 2241 1146 2281 15

93 2321 318 2408 δεδειγμένων
340 2323 476 2406 ἀνάγκη.
512 2324 606 2401 ὥστε,
630 2324 659 2386 εί
678 2319 732 2387 καὶ
754 2322 788 2385 αί
806 2332 874 2385 τῶν
892 2323 1000 2386 ὄντων
1019 2319 1104 2386 ἰδέαι

93 2429 150 2495 καὶ
172 2431 213 2495 τὰ
234 2430 483 2516 παραδείγματα
508 2432 641 2513 νοήσεις
663 2425 751 2505 τινές
774 2424 841 2493 εἷεν
863 2437 923 2493 τοῦ
947 2428 1104 2513 δημιουρ-

94 2544 159 2620 γοῦ
182 2534 238 2601 καὶ
262 2538 372 2619 λόγοι,
399 2533 476 2601 καθ’
500 2534 560 2612 οὓς
581 2536 642 2600 τὸν
664 2537 791 2619 κόσμον
812 2537 1018 2620 παρήγαγεν,
1044 2533 1106 2598 οὐκ

95 2642 222 2726 ἀνάγκη
246 2644 377 2720 πάντως
399 2642 625 2728 συνυπάρχειν
647 2640 679 2718 ἐξ
703 2641 815 2706 ἀιδίου
839 2642 904 2724 ἅμα
927 2651 965 2726 τη
984 2642 1105 2723 γνώσει

94 2758 156 2815 τοῦ
174 2756 261 2815 θεοῦ
279 2758 318 2835 τῇ
332 2746 408 2835 περὶ
427 2757 487 2812 τοῦ
506 2749 633 2832 κόσμου
652 2747 756 2813 αὐτὸν
774 2749 833 2811 τὸν
852 2749 987 2831 κόσμον.
1024 2743 1104 2811 οὐδὲ
1117 2774 1145 2812 ιο

96 2855 264 2920 Πλάτωνα
286 2856 350 2942 ἀρα
373 2856 473 2938 λόγος
496 2852 608 2930 οὐδεὶς
631 2853 809 2937 ἀναγκάσει
833 2853 890 2917 διὰ
912 2855 949 2917 τὸ
969 2854 1107 2919 αἰώνιον

96 2958 184 3027 εἶναι
212 2960 324 3044 λέγειν
351 2961 388 3026 τὸ
416 2969 477 3025 τοῦ
503 2963 630 3044 κόσμου
658 2961 865 3044 παράδειγμα
893 2959 947 3024 καὶ
970 2961 1030 3025 τὸν
1052 2962 1106 3026 κό-

97 3087 185 3153 σμον
203 3066 255 3133 ἀεὶ
274 3062 361 3132 εἶναι
378 3067 617 3133 ὑποτίθεσθαι·
641 3064 804 3130 δέδεικται
824 3067 897 3151 γάρ,
920 3067 965 3143 ὡς
985 3067 1047 3132 οὐκ
1070 3067 1107 3132 έν

95 3177 204 3263 τούτῳ
228 3173 321 3240 ἐστίν
342 3184 414 3250 ταῖς
437 3173 541 3250 ίδέαις
564 3175 601 3238 τὸ
621 3168 706 3237 εἶναι
725 3172 762 3236 έν
780 3180 826 3259 τῷ
844 3174 1108 3258 παραδείγμασιν

96 3277 193 3346 εἶναι.
1120 3304 1147 3349 ιε

386 3386 487 3463 Τέλος
509 3388 635 3463 λύσεως
657 3384 692 3469 β’
716 3388 828 3469 λόγου.

169 3585 195 3634 6.
214 3580 243 3633 Μ
261 3597 290 3632 m
309 3585 323 3632 l
343 3578 380 3633 οδ
398 3598 538 3649 καταρχης
556 3579 585 3632 in
604 3596 705 3649 marg:
724 3577 799 3633 τουτ’
817 3579 889 3633 ἔστιν
909 3594 1038 3648 γενεσεως

98 3693 124 3741 8.
144 3685 284 3768 [ημικῙΙΜ
357 3692 398 3739 14.
418 3653 601 3753 συνΰπαάᾝ
665 3691 706 3740 21.
727 3685 942 3767 cf.pag.2p‚22
1005 3691 1107 3740 λόει·

98 3761 169 3813 tens
187 3757 256 3812 ὶοοιε
275 3755 320 3824 (cf.
339 3771 361 3810 e.
383 3774 408 3826 g.
428 3762 471 3825 23,
486 3758 531 3825 23)
554 3757 655 3818 λύσεως
678 3765 734 3810 τοῦ
754 3761 809 3812 κτλ.
829 3759 965 3830 emptum
982 3760 1029 3814 εεε

515 3905 677 3918 -ὴ-
1127 3881 1154 3928 ὃ
