2394 4208
57 544 69 598 1
87 550 112 599 8.
126 545 156 617 4]
333 541 382 599 m}
400 543 657 598 AETERNITATE
676 544 797 600 MVNDI
1031 548 1072 612 13

56 709 122 791 τὴν
142 705 289 790 γίνεσιν·
311 709 348 771 τί
367 701 431 773 οὖν
453 704 599 772 ἐκώλυεν
620 705 675 772 καλ
698 717 769 785 τολς
791 709 957 786 τοιούτοις
978 707 1073 796 ζῴοις

56 812 160 901 (λέγω
182 814 225 897 δὴ
248 822 319 890 τοίς
342 810 375 890 ἐξ
397 811 636 897 ἐπιτηδεύσεως
656 813 848 900 ἀνθρώπων
866 814 1071 902 γενομένοις)

54 923 120 987 τὸν
139 929 198 1005 τῆς
220 920 379 1004 διαδοχῆς
402 922 505 1003 λόγον
527 931 679 1004 φυσικῶς
697 918 963 1007 ἐγκατασπείρας
985 923 1073 1005 πλήν

55 1029 88 1094 εί
112 1025 290 1091 καὶτοῦτο
313 1028 589 1111 συγχωρήσωμεν,
612 1025 696 1110 ἡμᾶς
719 1035 804 1109 γοῦν
826 1024 927 1091 οὐδέν
949 1028 987 1091 τὸ
1010 1051 1072 1092 κω-

54 1139 143 1200 λῦον
177 1135 269 1199 ἔστιν
295 1142 336 1218 τῇ
361 1132 444 1218 αὐτή
473 1131 635 1218 ἀπολογίᾳ
663 1135 850 1217 χρήσασθαι
877 1142 938 1198 τοῦ
965 1135 1009 1218 μὴ
1038 1131 1070 1210 ἐξ
1099 1159 1112 1199 τ

55 1240 174 1305 ἀιδίου
201 1239 262 1303 τὸν
288 1241 414 1323 κόσμον
435 1238 631 1322 ὑποστῆναι,
660 1238 717 1303 ἵνα
738 1240 783 1323 μή
805 1237 874 1304 κατ’
903 1239 1073 1326 ἐνέργειαν

55 1348 98 1411 τὸ
121 1347 262 1431 ἄπειρον
282 1345 411 1431 ὑποστή
438 1343 493 1410 καὶ
521 1353 580 1410 τοῦ
608 1344 747 1431 ἀπείρου
775 1338 796 1429 ή
824 1368 855 1410 τι
885 1349 996 1430 μεῖζον
1018 1345 1073 1410 καί

57 1453 311 1519 πολλαπλάσιον
323 1450 379 1516 καί
393 1449 578 1534 διεξιτητὸν
591 1452 629 1516 τὸ
644 1451 782 1535 ἀπειρον
796 1451 944 1535 γένηται·
972 1461 1074 1517 ταῦτα

56 1561 126 1643 γὰρ
152 1568 222 1623 τῶν
248 1557 425 1622 ἀδυνάτων
451 1557 550 1623 ἐστίν.
600 1562 726 1642 εἴρηται
754 1558 818 1641 ἀρα
844 1556 899 1623 καὶ
926 1557 946 1641 ἡ
975 1559 1074 1640 αλτιά,

57 1663 101 1731 δι’
122 1665 169 1748 ἣν
186 1663 238 1730 ἀεί
256 1663 305 1728 ὢν
324 1663 342 1729 δ
360 1665 442 1741 θεὸς
459 1663 587 1747 ἀγαθὸς
605 1662 668 1728 οὐκ
686 1661 719 1740 ἐξ
738 1663 851 1728 ἀιδίου
869 1665 930 1729 τὸν
947 1667 1074 1748 κόσμον
1088 1689 1114 1729 ιο

58 1772 335 1856 ἐδημιούργησεν.

131 1875 175 1943 δ’.
185 1875 251 1943 Καί
260 1879 375 1954 ἄλλως.
390 1877 420 1941 ελ
430 1875 448 1941 δ
457 1876 539 1952 θεὸς
548 1874 686 1959 ἀγαθός,
696 1875 815 1963 ἀγαθῷ
825 1873 862 1940 δὲ
872 1872 985 1951 οὐδεὶς
998 1872 1074 1958 περὶ

57 1985 206 2062 οὐδενὸς
222 1982 383 2049 οὐδέποτε
403 1981 567 2065 ἐγγίνεται
586 1980 604 2046 δ
619 1984 762 2066 φθόνος,
781 1983 825 2059 ὡς
840 1982 858 2047 ὁ
873 1985 979 2065 σοφός
993 2000 1074 2065 φησι

60 2091 219 2173 Πλάτων,
241 2087 296 2154 καλ
319 2089 376 2154 διὰ
397 2096 496 2153 τοῦτο
520 2089 567 2165 είς
588 2089 624 2152 τὸ
644 2083 731 2153 είναι
748 2090 856 2153 πάντα
874 2091 1075 2173 παρήγαγεν,

59 2198 120 2263 δεδι
148 2198 185 2261 τί
203 2190 309 2280 μηδὲν
331 2204 399 2258 τῶν
421 2203 570 2277 γενητῶν
592 2191 699 2280 ἑαυτῷ
720 2196 803 2258 κατὰ
824 2194 931 2258 πάντα
953 2194 1076 2259 ταύτὸν
1090 2219 1115 2259 ιι

59 2301 248 2386 ύπέστησεν
266 2302 347 2367 ὥστε
363 2310 421 2385 τῆς
435 2300 535 2384 αὐτῆς
549 2299 639 2388 αὐτῷ
653 2310 828 2365 κοινωνεῖν
842 2299 958 2377 οὐσίας
970 2324 1004 2364 τε
1020 2300 1076 2365 καὶ

60 2408 250 2493 δυνάμεωςς
281 2406 302 2490 ἣ
335 2407 398 2492 γὰρ
431 2405 616 2490 δυνάμενος
648 2406 709 2470 οὐκ
740 2404 921 2490 ήθέλησεν,
952 2405 1007 2470 καί
1039 2408 1075 2470 τὸ

62 2514 231 2599 ἑπόμενον
251 2514 308 2578 διὰ
325 2513 363 2577 τὸ
377 2513 578 2596 βλάσφημον
592 2522 704 2576 σιωπῶ
720 2511 776 2596 (οὐ
791 2513 853 2597 γάρ
867 2514 934 2577 τὸν.
942 2515 1078 2596 φθόνον

62 2617 285 2706 ἐκφεύξεται),
306 2617 327 2702 ἢ
349 2619 481 2695 πάντως
504 2618 619 2682 διὰτὸ
643 2620 687 2702 μή
711 2619 878 2685 δύνασθαι
901 2615 980 2684 οὐδὲ
999 2616 1078 2702 ήθέ-

64 2733 179 2812 λησεν·
214 2724 298 2790 ἀλλὰ
324 2733 423 2790 τοῦτο
451 2721 630 2788 ἀσθένειαν
657 2731 717 2788 τοῦ
740 2729 825 2788 θεοῦ
848 2727 1078 2809 κατηγορήσει·
1092 2750 1119 2790 ιο

64 2833 239 2918 ἀμήχανον
270 2831 333 2915 γὰρ
363 2825 408 2913 ἦν
440 2840 507 2894 τῶν
535 2840 682 2912 γενητῶν
709 2853 740 2894 τι
772 2830 895 2895 ταύτὸν
927 2826 1012 2895 εἶναι
1040 2840 1078 2916 τή

65 2939 216 3026 ἀγενήτῳ
243 2935 299 3002 καλ
326 2937 547 3021 δημιουργική
575 2935 679 3000 αὐτοῦ
707 2938 809 3022 αίτίᾳ·
841 2936 928 3000 οὕτω
952 2938 1014 3021 γὰρ
1038 2934 1080 3000 ἀν

66 3045 169 3122 αὐτὸς
201 3041 322 3109 ἑαυτὸν
353 3042 371 3108 ὁ
406 3043 488 3120 θεὸς
519 3041 731 3127 ἐδημιούργει
762 3041 817 3107 καί
849 3044 886 3106 τὸ
919 3042 1080 3126 ἀγένητον

67 3152 212 3238 γενητὸν
237 3145 324 3215 εἶναι
351 3148 561 3232 συνέβαινεν,
589 3154 679 3232 είπερ
708 3148 867 3232 ἀγένητος
895 3146 1079 3234 μὲνφύσει

66 3259 178 3342 ἐκείνη
206 3257 227 3340 ἡ
255 3255 369 3337 οὐσία,
396 3259 525 3339 γίνοιτο
552 3253 582 3319 δ’
611 3249 653 3319 αὖ
679 3256 795 3340 πάλιν,
823 3262 857 3322 εί
879 3281 910 3321 τι
939 3269 1006 3322 τῶν
1029 3278 1122 3338 γε-ιι

68 3368 222 3450 γονάτων
249 3373 308 3446 τῆς
335 3362 437 3447 αὐτῆς
464 3360 553 3449 αὐτῷ
582 3367 632 3444 είη
661 3360 784 3439 οὐσίας.
830 3364 859 3427 εί
887 3358 950 3427 οὖν
977 3362 1013 3424 τὸ
1038 3362 1082 3444 μὴ

67 3473 245 3539 δύνασθαί
271 3492 303 3533 τι
333 3479 401 3533 τῶν
427 3466 745 3553 δημιουργηθέντων
772 3468 895 3533 ταύτὸν
922 3464 1008 3533 εἶναι
1035 3475 1082 3554 τῷ

67 3575 365 3663 δημιουρξγήσαντι
376 3576 453 3640 ούτε
467 3575 504 3639 τὸ
519 3570 605 3639 εἶναι
620 3575 680 3638 τὸν
692 3575 778 3638 θεὸν
791 3575 924 3659 ἀγαθὸν
937 3573 1035 3657 άφαι-
1045 3590 1086 3630 101·
1097 3589 1129 3630 τιν

144 3776 187 3824 12.
206 3768 280 3824 Plat.
299 3766 369 3822 Tim.
389 3766 460 3822 wE
538 3773 577 3821 13.
598 3765 614 3821 ι’
632 3768 708 3837 (ante
727 3767 851 3845 φθόνος)
871 3790 928 3830 om.
945 3770 1025 3829 Ρὶείο.

68 3848 116 3899 20.
134 3840 205 3904 ,ἀλλὰ
224 3872 260 3881 -
276 3837 452 3906 mmmm
468 3836 532 3892 [ott.
553 3837 615 3909 δελ,
637 3840 673 3898 cf,
688 3847 714 3916 8,
732 3849 775 3905 24.
794 3853 872 3924 14,·z
958 3854 1007 3908 (λῶ.
1028 3866 1116 3911 οοιας

68 3914 103 3964 Μ
115 3916 161 3975 (ct.
171 3911 220 3974 pt)
304 3912 344 3959 27,
364 3908 630 3978 άημιονργεδεντων
649 3916 682 3974 Μ
779 3930 827 3986 28.
847 3928 901 4008 τὸ]
919 3949 977 3988 του
992 3925 1032 3985 M
