2394 4208
57 603 98 656 lx
115 604 160 674 11]
325 603 373 658 DE
391 602 648 658 ΔΕΤΕΒΝΙΤΑΤΕ
666 603 787 658 MVNDI
999 602 1065 668 345

57 789 163 849 μενον
191 763 223 842 ἐξ
251 767 349 844 ὄντος
376 771 531 849 γίνεσθαι
560 767 720 851 οὐδεμίαν
747 766 889 853 εὕρομεν
918 765 1066 849 ἀνάγκην

59 872 105 949 ώς
128 870 182 937 καὶ
206 873 242 936 τὸ
266 882 343 956 πᾶν,
366 879 457 958 εἴπερ
479 861 617 956 γίνοιτο,
636 871 669 950 ἐξ
689 875 785 951 ὄντος
803 872 858 938 καί
877 873 957 938 αὐτὸ
976 876 1064 955 γίνε-

59 984 150 1043 σθαι.
200 981 323 1062 μήποτε
356 977 385 1043 δ’
417 977 490 1044 οὐδ’
523 978 646 1064 ἀληθές
679 978 768 1045 ἐστιν
800 981 837 1044 τὸ
868 979 999 1057 πάντας
1031 977 1064 1056 ἐξ

59 1086 168 1149 ὄντων
190 1086 230 1149 τὰ
252 1089 410 1169 γινόμενα
433 1088 601 1169 γίνεσθαι·
624 1097 692 1151 τῶν
715 1088 777 1171 γὰρ
797 1097 944 1169 γενητῶν
963 1085 1064 1149 ἁπάν-

58 1215 126 1255 των
153 1190 208 1255 καὶ
235 1193 279 1275 μὴ
308 1191 427 1257 ἀιδίων
454 1190 487 1269 ἐξ
514 1192 597 1274 ὕλης
624 1190 679 1255 καὶ
702 1192 815 1269 είδους
837 1193 1064 1275 συνεστώτων,
1091 1228 1105 1268 ς

59 1300 106 1361 ἔτι
136 1294 173 1362 δὲ
200 1296 254 1363 καὶ
282 1308 340 1382 τῆς
367 1296 525 1382 γενέσεως
547 1300 730 1381 μεταβολῆς
753 1298 855 1382 οὔσης
878 1297 914 1362 έκ
936 1307 996 1362 τοῦ
1019 1299 1064 1382 μὴ

59 1405 156 1480 ὄντος
184 1405 231 1481 είς
258 1405 294 1469 τὸ
324 1406 374 1487 ὄν,
401 1404 511 1489 ὥσπερ
540 1399 603 1468 οὖν
629 1402 684 1468 καὶ
707 1414 764 1487 τῆς
788 1410 922 1489 φθορᾶς
945 1403 981 1468 έκ
1003 1413 1063 1469 τοῦ

59 1512 156 1586 ὄντος
186 1512 235 1588 είς
263 1512 300 1575 τὸ
330 1512 374 1594 μὴ
405 1512 460 1594 ὄν,
490 1512 633 1595 πότερον
662 1508 739 1574 καθ’
769 1510 850 1575 ὄλον
881 1511 961 1576 αὐτὸ
995 1508 1064 1597 (καὶ

58 1618 141 1680 κατὰ
163 1618 224 1700 τὴν
246 1617 332 1699 ὕλην
355 1615 439 1700 φημί
463 1615 518 1680 καί
540 1618 623 1681 κατὰ
645 1617 681 1681 τὸ
706 1612 808 1702 εἶδος)
836 1618 873 1680 τὸ
897 1618 1065 1682 σύνθετον

59 1726 185 1805 γίνεται
214 1719 399 1808 (τουτέστιν
427 1722 461 1787 έκ
489 1731 549 1787 τοῦ
576 1724 620 1806 μὴ
648 1724 746 1800 ὄντος
773 1724 821 1800 είς
845 1724 882 1787 τὸ
907 1722 947 1788 ὂν
969 1746 1063 1808 μετα·
1078 1759 1104 1799 10

57 1828 186 1910 βάλλει·
222 1838 320 1894 τοῦτο
344 1829 407 1915 γάρ
430 1828 521 1894 ἐστιν
543 1829 563 1912 ἡ
591 1827 734 1915 γένεσις)
762 1829 782 1913 ἢ
811 1829 851 1894 οὐ
879 1828 955 1894 καθ’
984 1830 1064 1895 ὄλον

59 1935 155 2014 αὐτώ
188 1936 218 2000 εί
241 1932 303 2019 μὲν
326 1931 388 2000 οὖν
410 1933 487 2000 καθ’
511 1935 592 2000 ὅλον
614 1936 695 2000 αὐτὸ
719 1937 757 2000 τὸ
780 1939 959 2020 γινόμενον
977 1941 1064 2019 γίνε-

59 2064 113 2105 ται
136 2039 206 2128 (καί
229 2043 310 2106 κατὰ
332 2043 394 2125 τὴν
415 2042 502 2125 ὕλην
524 2039 609 2125 φημὶ
632 2040 686 2106 καὶ
709 2043 791 2106 κατὰ
813 2043 850 2106 τὸ
874 2037 988 2129 εἶδος),
1007 2043 1064 2126 δη-

57 2151 172 2213 λονότι
195 2147 250 2213 καὶ
273 2147 350 2213 καθ’
374 2149 455 2214 ὅλον
478 2148 558 2213 αὐτὸ
577 2149 614 2213 τὸ
634 2153 861 2234 φθειρόμενον
880 2153 1063 2235 φθείρεται.

57 2256 141 2320 ὥστε
169 2254 209 2320 οὐ
233 2257 339 2338 μόνον
360 2256 398 2318 τὸ
423 2250 511 2331 εἶδος
534 2254 617 2320 ἀλλὰ
639 2253 694 2319 καὶ
716 2256 778 2338 τὴν
799 2256 885 2340 ὕλην
908 2258 1066 2339 γίνεσθαί
1076 2289 1103 2331 15

57 2384 92 2425 τε
111 2359 166 2425 καί
185 2365 390 2446 φθείρεσθαι
410 2360 544 2444 ἀνάγκη.
581 2360 664 2425 ἀλλὰ
682 2363 743 2445 τὴν
764 2362 850 2445 ὕλην
872 2361 927 2426 καὶ
951 2362 1063 2440 αὐτοῖς

58 2469 151 2532 δοκεῖ
169 2471 248 2552 μήτε
267 2471 424 2551 γίνεσθαι
442 2471 522 2551 μήτε
546 2471 749 2553 φθείρεσθαι
773 2467 827 2533 καὶ
851 2467 1064 2552 ἀκουσόμεθα

57 2582 157 2639 τοῦτο
182 2572 219 2638 ἐν
241 2584 311 2651 τοῖς
334 2571 451 2657 ἐφεξῆς
473 2583 534 2638 τοῦ
553 2576 711 2659 Πρόκλου
734 2572 902 2658 λέγοντος·
924 2575 962 2639 τὸ
982 2574 1062 2639 αὐτὸ

58 2677 96 2745 δὲ
128 2678 183 2745 καὶ
216 2680 234 2744 ὁ
262 2677 488 2764 Ἀριστοτέλης
523 2679 607 2764 πρὸς
638 2687 684 2766 τςό
716 2678 801 2744 τέλει
838 2688 898 2744 τοῦ
928 2682 1063 2766 πρώτου

57 2789 161 2869 λόγου
185 2796 242 2870 τῆς
266 2795 410 2870 φυσικῆς
433 2790 564 2870 εἴρηκεν
587 2784 782 2871 ἀκροάσεως.
819 2787 880 2851 οὐκ
899 2788 963 2873 ἄρα
981 2785 1056 2852 καθ’
1076 2809 1102 2860 20·

58 2893 139 2956 ὄλον
162 2893 242 2957 αὐτὸ
266 2893 302 2956 τὸ
327 2893 494 2957 σύνθετον
517 2894 646 2973 γίνεταί
666 2890 778 2956 τεκαὶ
802 2896 986 2978 φθείρεται.
1021 2895 1062 2959 τὰ

56 2995 119 3082 μὲν
142 2993 204 3063 οὖν
225 2996 302 3083 περὶ
325 3007 382 3081 τῆς
403 2998 486 3081 ὕλης
509 2997 597 3075 ὄντας
620 3001 701 3082 ἔχει,
730 2997 767 3062 ἐν
789 2995 913 3085 ἑτέροις
936 2999 1060 3066 ἐπισκε-

58 3107 209 3188 ψώμεθα,
232 3104 270 3170 ἐν
292 3096 343 3180 οἷς
365 3105 485 3188 ταύτης
506 3109 705 3189 μεμνήσεται
729 3104 747 3170 ὁ
771 3108 973 3189 φιλόσοφος,
997 3113 1061 3172 είτε

56 3220 101 3299 τῷ
125 3213 197 3276 ὄντι
220 3212 375 3296 ἡπρώτη
399 3209 584 3294 καλουμένη
607 3211 670 3294 ὕλη
695 3210 865 3295 ἀσώματός
888 3211 978 3278 ἐστιν
996 3219 1061 3279 εἴτε

57 3319 113 3402 οὕ,
137 3316 192 3383 καὶ
216 3324 280 3383 εἴτε
303 3319 409 3404 τοίντη
433 3315 523 3382 ἐστὶν
546 3316 704 3400 ἀγένητος
726 3315 781 3382 καὶ
800 3317 908 3396 ἀίδιος
926 3325 992 3384 είτε
1010 3321 1060 3384 οὔ.
1074 3336 1101 3391 ρι’

55 3422 110 3489 καί
134 3427 163 3489 εί
186 3421 248 3508 μὲν
270 3424 377 3490 έόόκει
401 3421 524 3508 ἀληθὲς
551 3420 636 3489 εἶναι
659 3426 696 3489 τὸ
721 3423 758 3489 ἐν
780 3435 849 3502 τοῖς
871 3424 1061 3510 γινομένοις

55 3539 120 3595 νῦν
147 3531 212 3595 ὑπὸ
242 3532 374 3614 φύσεως
401 3529 456 3595 καὶ
479 3529 718 3616 φθειρομένοις
740 3535 821 3615 μήτε
844 3535 999 3615 γίνεσθαι
1022 3534 1059 3597 τὸ

128 3765 151 3812 7.
167 3765 191 3814 8.
212 3759 327 3882 ηωσλτιερ
346 3758 454 3831 [ὄόν-
465 3758 558 3828 ὄνῙτος
575 3757 604 3811 M
669 3762 709 3812 17.
729 3765 915 3829 ακουσαμεθα
929 3761 960 3813 Μ
973 3767 1065 3831 (mx

127 3835 168 3885 18.
188 3830 234 3884 fo.
253 3835 333 3884 168v.
349 3847 388 3898 sq.
471 3835 512 3884 19.
532 3828 617 3885 Arist.
636 3828 720 3902 phys.
741 3837 848 3903 λθρ.
860 3838 993 3886 mm

40 3906 91 4026 ἐξ,
102 3901 156 4017 ff.
173 3906 253 3954 168ν,
270 3918 308 3968 sq.
402 3907 443 3958 22.
461 3908 504 3959 23.
524 3901 796 3977 ἐκισκεψόμεθαρ
890 3908 941 3958 (λθ.
966 3899 1104 3970 αηΧέΧἮΥ
