2394 4208
10 35 840 326 m

71 505 148 577 ατε]
337 505 386 559 DE
404 506 662 562 Λουαοῶεευα
680 507 803 564 mm
1015 511 1079 575 561

71 669 246 751 δήπουθεν
273 669 293 752 ἡ
320 665 383 753 μὲν
410 669 566 754 άφανέσει
593 672 631 735 τὸ
660 672 812 756 ἄτακτον,
834 672 855 756 ἡ
879 669 916 737 δὲ
939 671 1080 756 φυλάξει

69 776 107 838 τὸ
131 774 346 858 τεταγμένον·
370 775 476 854 οὕτως
499 778 561 863 γὰρ
584 782 717 862 ποιήσει
742 776 878 863 ἑκατέρα
900 780 937 843 τὸ
962 777 1080 863 ἑαυτῆς

68 882 90 964 ἡ
109 879 171 964 μέν
190 881 374 966 ἀναιροῦσα
393 881 410 948 ὃ
429 884 585 965 βούλεται
603 886 647 968 μὴ
668 880 763 968 εἶναι,
781 885 801 968 ἡ
822 881 859 949 δὲ
882 895 1080 970 φρουροῦσα
1129 870 1134 881 ’

68 987 87 1051 ὃ
116 989 271 1070 βούλεται
301 984 395 1053 εἶναι.
440 990 571 1055 τούτων
598 987 635 1055 δὲ
662 992 763 1076 ταύτῃ
791 992 828 1056 τὸ
859 994 983 1057 οἰκεῖον
1007 990 1079 1056 έκα-

67 1095 165 1179 τέρας
196 1106 368 1160 ποιουσῶν
399 1091 485 1160 εἶναι
518 1097 571 1162 δεῖ
602 1096 656 1161 καὶ
686 1098 723 1162 τὸ
755 1095 805 1161 ἀεὶ
834 1094 894 1180 ὑφ’
925 1095 1079 1182 ἑκατέρας
1106 1125 1119 1167 ε

68 1204 285 1285 γιγνόμενον·
327 1203 393 1285 ἄμα
425 1204 487 1287 γάρ
525 1202 681 1286 ἀλλήλοις
717 1204 754 1267 τὸ
791 1212 914 1267 ποιοῦν
949 1202 1003 1268 καὶ
1040 1206 1078 1269 τὸ

67 1311 283 1391 γιγνόμενον,
314 1309 359 1384 ὡς
388 1307 425 1374 έν
455 1312 590 1396 Φιλήβῳ
619 1310 707 1391 λέγει
737 1308 793 1374 καὶ
824 1310 923 1386 αὐτὸς
951 1311 990 1374 τὸ
1017 1307 1079 1394 μὲν

64 1416 272 1497 ποιούμενον
294 1418 405 1479 καλῶν
427 1416 465 1479 τὸ
490 1412 527 1480 δὲ
550 1416 781 1501 δημιουργοῦν
798 1414 853 1480 καὶ
871 1425 1004 1499 ποιοῦν,
1022 1415 1078 1481 καὶ

65 1522 148 1585 ἄνευ
180 1521 326 1607 θατέρου
359 1522 506 1607 θάτερον
533 1521 600 1586 οὐκ
633 1526 737 1587 ἔστιν·
778 1520 829 1586 ἀεὶ
862 1523 926 1606 ἄρα
954 1520 1010 1586 καὶ
1038 1523 1076 1586 τὸ

65 1628 208 1691 ἄτακτον
238 1627 430 1711 ἀφανίζεται
462 1629 518 1692 διὰ
547 1629 608 1712 τὴν
639 1628 689 1693 ἄελ
719 1638 779 1692 τοῦ
808 1629 852 1711 μὴ
881 1624 966 1693 εἶναι
994 1628 1075 1693 αὐτὸ
1090 1657 1118 1698 ιο

64 1735 229 1816 βούλησιν
260 1733 315 1799 καλ
347 1735 384 1798 τὸ
416 1733 617 1818 τεταγμένον
654 1732 789 1821 σῴζεται
827 1735 884 1798 διὰ
919 1735 980 1817 τὴν
1016 1743 1076 1798 τοῦ

65 1834 152 1903 εἶναι
180 1839 260 1904 αὐτὸ
289 1841 452 1923 βούλησιν
481 1838 531 1904 ἀεὶ
560 1838 716 1925 ἑκατέραν
744 1835 858 1905 οὖσαν.
904 1841 933 1904 εἰ
961 1836 998 1904 δὲ
1025 1839 1076 1905 ἀεὶ

64 1944 221 2030 ἑκάτερον
251 1950 414 2030 γίγνεται,
443 1946 504 2011 οὐκ
532 1949 621 2012 ἔσται
649 1948 815 2032 πρότερον
842 1947 983 2011 ἄτακτον
1006 1941 1076 2010 εἶτα

63 2052 279 2135 τεταγμένον,
307 2053 352 2129 ὡς
380 2049 460 2117 οὐδὲ
486 2055 652 2137 πρότερον
678 2052 879 2136 τεταγμένον
907 2048 977 2117 εἶτα
1000 2053 1075 2116 ἄτα-

62 2184 152 2223 κτον.
191 2161 220 2223 ελ
244 2156 281 2223 δὲ
303 2162 346 2243 μὴ
371 2162 463 2223 ἔστιν
485 2161 549 2243 πρὸ
568 2168 628 2224 τοῦ
647 2159 848 2243 τεταγμένου
866 2159 903 2223 τὸ
924 2160 1075 2244 ἄτακτον,
1088 2187 1115 2229 ιο

63 2266 127 2331 οὐκ
151 2268 246 2349 ἔσχεν
269 2265 374 2349 ἀρχὴν
397 2266 434 2329 τὸ
458 2267 659 2349 τεταγμένον
680 2268 741 2349 τὴν
763 2267 843 2349 μετὰ
865 2267 902 2331 τὸ
922 2267 1073 2350 ἄτακτον,

62 2372 119 2436 καὶ
143 2373 171 2436 ελ
195 2374 238 2455 μὴ
263 2375 355 2436 ἔστιν
377 2372 414 2436 τὸ
439 2371 639 2455 τεταγμένον
661 2373 725 2456 πρὸ
748 2381 809 2436 τοῦ
833 2372 989 2455 ἀτάκτου,
1012 2371 1074 2456 οὐχ

62 2478 127 2556 ἕξει
157 2479 314 2560 τελευτὴν
342 2478 408 2562 πρὸ
438 2487 498 2542 τοῦ
529 2478 679 2543 ἀτάκτου.
726 2480 754 2542 εἰ
783 2475 820 2543 δὲ
846 2481 926 2562 μήτε
953 2476 1072 2562 ἤρξατο

60 2587 143 2670 μετὰ
172 2586 209 2648 τὸ
240 2586 382 2648 ἄτακτον
411 2587 491 2668 μήτε
523 2588 699 2670 τελευτήσῃ
731 2586 795 2670 πρὸ
828 2594 889 2649 τοῦ
919 2585 1072 2671 ἀτάκτου,

62 2693 206 2776 ἄναρχός
230 2689 320 2755 έστιν
343 2689 397 2755 καλ
421 2690 634 2775 ἄτελεύτητος
660 2691 680 2774 ἡ
704 2689 793 2768 τάξις
815 2690 870 2756 καὶ
894 2692 975 2776 αὐτὴ
999 2691 1072 2776 ἄγέ-
1086 2721 1114 2762 το

60 2801 161 2881 νητός
194 2797 284 2862 ἐστιν
316 2796 370 2861 καὶ
404 2799 588 2882 ἄφθαρτος.
639 2797 722 2862 ἄλλά
757 2799 823 2882 μὴν
859 2795 959 2863 οὐδὲν
991 2801 1071 2865 ἄλλο

61 2906 152 2972 ἐστὶν
184 2908 306 2988 κόσμος
338 2904 357 2987 ἢ
391 2903 480 2982 τάξις
512 2903 567 2969 καὶ
597 2906 634 2970 τὸ
665 2905 878 2989 τεταγμένον·
914 2904 1072 2989 ἀγένητος

61 3015 125 3097 ἄρα
147 3012 201 3077 καὶ
226 3014 400 3096 ἄφθαρτος
424 3011 441 3076 ὁ
465 3013 599 3095 κόσμος.
645 3009 714 3075 ἐπεὶ
738 3010 792 3076 καὶ
819 3013 943 3076 ἄτοπον
966 3011 1003 3076 έν
1025 3021 1070 3100 τῷ

59 3126 131 3207 θεῷ
155 3122 350 3202 βουλήσεων
373 3118 435 3182 ὐύο
461 3117 574 3182 οὐσῶν
596 3116 615 3200 ἢ
639 3119 700 3201 τὴν
722 3114 784 3201 μὲν
807 3116 857 3182 άεὶ
879 3129 988 3183 ποιεῖν
1010 3120 1071 3202 τὴν

60 3224 97 3290 δέ
122 3229 165 3310 μὴ
190 3224 240 3290 ἄεὶ
263 3224 283 3307 ἢ
307 3225 368 3307 τὴν
391 3220 453 3308 μὲν
478 3224 567 3312 αὐτῷ
591 3232 636 3311 τῷ
660 3219 745 3288 εἶναι
770 3224 855 3308 δρᾶν
877 3224 987 3307 λέγειν
1009 3226 1110 3309 τὴνιε

60 3330 96 3397 δὲ
125 3334 168 3416 μὴ
198 3331 287 3418 αὐτῷ
316 3339 361 3418 τῷ
390 3326 491 3414 εἶναι,
519 3341 577 3415 τῆς
603 3330 705 3414 αὐτῆς
733 3331 849 3407 οὐσίας
875 3331 988 3395 οὐσῶν
1013 3330 1068 3396 καὶ

59 3438 256 3523 ἀμφοτέρων
280 3439 336 3502 διὰ
358 3440 419 3522 τὴν
438 3437 543 3521 αὐτὴν
561 3440 671 3504 αἰτίαν
690 3437 838 3521 ἐχουσῶν
857 3438 893 3502 τὸ
914 3439 1068 3520 εὔλογον·

130 3602 153 3649 5.
175 3593 319 3665 ἑκατέρας]
339 3613 456 3662 εκατερα
476 3595 517 3660 Μ,
537 3592 654 3662 ἑκάτερα
672 3597 705 3663 pt
805 3600 828 3648 7.
848 3612 1019 3664 μιγναμενον
1038 3595 1066 3648 Μ

130 3666 201 3720 Plat.
221 3665 293 3720 Phil.
309 3665 371 3719 26ss
387 3684 426 3734 sq.
527 3671 551 3719 9.
571 3667 729 3789 ὐλριιμερου,
748 3682 782 3719 ex
802 3683 823 3732 ε,
842 3665 870 3718 Μ
962 3672 1002 3719 10.
1022 3684 1066 3720 αει

58 3739 100 3802 Μς
130 3737 194 3791 fort.
214 3736 269 3789 del.
369 3742 410 3790 13.
430 3736 589 3808 εκατερ[ο]ν
728 3743 769 3789 20.
788 3736 873 3806 ταύτῃ
893 3734 971 3790 Kroll

56 3815 98 3861 23.
120 3809 204 3879 [τωῙι,
225 3824 259 3861 ex
277 3810 347 3873 θῶ,
370 3807 399 3860 Μ
471 3854 488 3875 ,
501 3813 543 3861 25.
563 3806 592 3859 M
610 3825 640 3861 m
659 3815 673 3861 1
693 3809 731 3862 ad
747 3828 798 3861 τῶι
813 3810 997 3872 mmm&
1021 3825 1076 3868 ‘mu

55 3881 176 3945 υπαρξιν
193 3899 245 3945 την
263 3895 362 3932 ουσιαν
453 3884 496 3935 26.
513 3884 557 3935 27.
576 3878 645 3936 fort.
664 3876 838 3950 ἀμφοτέρων
858 3877 911 3929 πάι

94 3975 203 4013 lomus
216 3977 377 4018 Ρπιιοινοιτσιι
395 3979 431 4021 od.
446 3981 540 4024 Baba.
912 3964 951 4012 ὦ
