2394 4208
10 31 860 339 m

89 566 156 621 VIII
169 573 194 621 4.
212 566 262 639 IX]
354 567 402 621 DE
421 567 679 622 AETERNITATE
697 567 819 622 MVNDI
1031 568 1097 632 313

88 732 226 814 κόσμον,
251 729 268 795 ὁ
293 727 328 794 δὲ
352 732 474 814 κόσμος
497 729 610 814 οὐσία,
637 731 657 814 ἡ
682 727 719 795 δὲ
742 731 841 797 οὐσία
862 730 923 796 οὐκ
947 729 979 808 ἐξ
1003 731 1097 796 ε’ναν-

88 840 163 901 τίου
191 837 252 919 τὴν
280 836 411 920 γένεσιν
438 840 519 922 ἔχει,
546 838 591 914 ὡς
614 836 793 921 δέδεικται,
821 837 883 903 οὐκ
905 839 969 922 όίρα
992 839 1036 915 ὡς
1058 839 1099 902 τὰ

89 942 224 1007 ἐναντία
245 944 282 1007 τὸ
306 943 506 1027 τεταγμένον
529 942 706 1008 ἀντίκειται
729 942 784 1009 καί
807 945 844 1008 τὸ
864 946 1005 1009 ἀτακτον
1023 941 1093 1008 ἀλλ’

89 1050 134 1125 ὡς
158 1044 247 1126 εἶδος
269 1048 324 1113 καὶ
348 1049 505 1134 στέρησις.

291 1156 390 1232 Τέλος
413 1157 538 1232 λύσεως
560 1166 620 1221 τοῦ
645 1157 768 1240 ὀγδόου
792 1159 903 1240 λόγου.
1125 1184 1139 1225 ε

514 1371 672 1380 ———

240 1566 423 1648 Πρόκλου
448 1565 639 1649 διαδόχου
663 1568 780 1647 λόγος
807 1568 952 1642 ἔνατος.

161 1686 334 1764 “’Ἑνατος·
356 1698 424 1752 πᾶν
446 1689 483 1752 τὸ
508 1691 734 1774 φθειρόμενον
757 1693 931 1774 φθείρεται
953 1688 1018 1752 ὑπὸ
1041 1698 1099 1772 τῆς

90 1793 211 1860 ἑαυτοῦ
234 1796 362 1872 κακίας·
385 1794 426 1859 οὐ
450 1796 513 1879 γάρ
537 1796 577 1878 δὴ
601 1795 666 1860 ὑπό
690 1818 723 1859 τε
743 1804 802 1859 τοῦ
822 1796 947 1859 οἰκείου
966 1793 1098 1877 ἀγαθοῦ

89 1900 110 1983 ἢ
139 1902 265 1966 οἰκείου
293 1905 372 1986 μήτε
399 1909 503 1965 κακοῦ
531 1904 610 1985 μήτε
639 1901 771 1984 ἀγαθοῦ
798 1899 868 1965 ἀλλ’
897 1899 1099 1985 ἀδιαφόρου·

89 2018 157 2072 πᾶν
171 2010 233 2094 γάρ
253 2009 290 2072 τὸ
309 2015 465 2072 τοιοῦτον
483 2007 559 2072 οὔτε
577 2009 737 2089 βλάπτειν
755 2008 900 2072 δυνατὸν
918 2007 994 2072 οὔτε
1014 2007 1098 2090 ἀφε-
1113 2034 1141 2073 ιο
1176 2074 1189 2097 .

91 2118 173 2197 λεῑν,
201 2115 283 2180 ὥστε
312 2114 389 2177 οὔτε
413 2116 570 2197 φθείρειν
593 2113 670 2178 οὔτε
693 2112 817 2201 σφ’ζειν.
863 2115 892 2178 εἰ
915 2108 979 2179 οὖν
1001 2116 1099 2197 φθεί-

91 2244 183 2305 ροιτο
216 2221 253 2284 τὸ
285 2229 366 2301 πᾶν,
398 2219 464 2283 ὑπὸ
497 2229 554 2302 τῆς
586 2217 707 2284 ἑαυτοῦ
738 2223 945 2304 φθαρήσεται
976 2225 1099 2297 κακίας.

90 2328 150 2390 τὸν
174 2323 210 2391 δὲ
233 2329 359 2410 κόσμον
382 2325 565 2410 εὐδαίμονα
587 2326 672 2390 θεὸν
695 2325 793 2403 αὐτὸς
817 2322 1027 2411 εἶναίφασιν
1044 2325 1099 2391 καὶ

89 2433 215 2510 πάντας
242 2433 396 2508 ὡσαύτως
423 2435 527 2509 θεοὺς
554 2431 609 2496 καὶ
639 2432 695 2496 διὰ
717 2441 815 2497 τοῦτο
839 2434 926 2497 άταν
948 2435 984 2498 τὸ
1008 2440 1100 2498 θεῶν

91 2539 188 2623 γε’νος
211 2540 351 2603 άδεκτον
370 2537 410 2602 δν
428 2542 544 2615 κακίας
563 2540 703 2603 ἄδεκτον
723 2540 727 2623 ί
748 2534 906 2603 εἶναικαὶ
925 2562 1020 2622 μετα·
1039 2555 1153 2597 10¹·126v·

89 2648 199 2730 βολῆς.
246 2646 307 2710 οὐκ
336 2647 399 2732 ἀρα
427 2649 640 2732 φθαρήσεταί
664 2668 743 2709 ποτε
771 2647 808 2710 τὸ
831 2655 912 2728 πᾶν,
942 2639 969 2732 95
996 2644 1139 2729 μηδένα

90 2751 181 2817 ἐστιν
203 2755 316 2836 κακόν,
341 2753 426 2817 διότι
449 2750 504 2817 καὶ
528 2751 609 2816 αὐτὸ
627 2753 708 2828 θεός
727 2749 826 2816 ἐστιν.
864 2753 893 2816 εἰ
912 2748 949 2816 δὲ
968 2753 1100 2836 ἀφθαρ-

90 2882 150 2922 τον
173 2859 210 2922 τὸ
233 2868 310 2940 πᾶν,
334 2858 421 2922 διότι
444 2855 548 2942 μηδὲν
569 2861 625 2944 ἔχῃ
645 2861 843 2943 φθαρτικόν,
863 2854 943 2923 οὐδὲ
961 2861 1101 2941 γενητόν

90 2962 195 3029 ἐστιν·
237 2963 269 3041 ἐξ
302 2957 343 3028 οὗ
374 2966 436 3048 γάρ
464 2964 484 3047 ἡ
512 2964 640 3048 γένεσις
668 2961 806 3051 ἑκάστῳ,
833 2972 933 3028 τοῦτο
961 2961 1099 3030 ἑκάστου

91 3073 295 3156 φθαρτικόν·
336 3067 504 3156 κρατηθὲν
535 3067 597 3154 μὲν
628 3071 691 3153 γάρ
724 3069 881 3152 γενέσεως
917 3074 1100 3155 συναίτιον,
1114 3097 1142 3136 ιο

90 3186 258 3262 κρατῆσαν
277 3173 314 3240 δὲ
333 3183 480 3261 φθοράς·
503 3175 593 3260 ὥστ’,
613 3178 642 3241 εἰ
665 3175 770 3260 μηδέν
794 3175 883 3241 ε’στιν
901 3176 982 3267 αὐτὸ
1001 3183 1100 3260 φθεί-

90 3307 163 3368 ρον,
191 3279 270 3347 οὐδὲ
299 3285 379 3367 ἔχει,
408 3280 440 3359 ἐξ
468 3277 509 3346 οὗ
537 3280 580 3346 ἀν
607 3281 747 3365 γίνοιτο.
793 3281 876 3346 ἀλλὰ
904 3284 971 3366 μὴν
1000 3282 1101 3348 οὐδέν

162 3480 186 3529 2,
206 3491 270 3544 pag.
287 3479 377 3542 308,l
470 3479 493 3528 7.
514 3471 662 3543 φθείρεται
681 3477 746 3543 post
764 3472 865 3537 κακίας
882 3473 1036 3542 f01.1a41.;
1065 3475 1099 3530 cf.
1144 3540 1149 3551 Ι

89 3598 155 3650 pag.
171 3586 231 3647 εον,
247 3586 280 3633 25
363 3586 386 3635 ε.
406 3599 435 3634 ιε
453 3580 495 3644 Μ;
523 3579 586 3633 fort.
607 3598 637 3649 γε
719 3586 742 3633 9.
763 3580 781 3649 ι,
800 3556 904 3635 ίάειου
922 3580 953 3633 Μ
1033 3600 1100 3651 pm

89 3655 205 3722 αγαθον
224 3651 253 3704 in
272 3668 333 3704 mar
354 3696 359 3706 .
381 3651 470 3722 suppl.
485 3650 514 3703 M
533 3655 614 3720 (ζητει
630 3649 754 3720 ascn'pt.)
816 3657 858 3706 13.
873 3651 944 3706 Plat.
955 3651 1026 3706 Tim.
1037 3653 1100 3706 34ss

163 3728 203 3776 14.
224 3721 301 3776 άτιαν
319 3670 352 3776 νδ
369 3726 446 3777 θεῶν
464 3725 532 3777 mk:
552 3721 586 3775 cf.
606 3720 652 3776 fol.
670 3727 747 3775 134r.
768 3727 848 3777 262v.
905 3727 946 3777 16.
964 3724 1058 3794 [novel
1070 3723 1101 3776 Μ

161 3798 203 3847 17.
228 3793 253 3847 εί
275 3792 306 3846 δὲ
330 3793 366 3861 μὴ
391 3793 522 3861 φθαρτὸν
545 3791 592 3847 fol.
609 3797 687 3849 1361.
779 3800 824 3851 18.
845 3792 933 3866 μηδεν
950 3792 1125 3860 ἱοδλὶῖκιλ

75 3863 207 3984 mols&
275 3869 315 3916 19.
336 3881 454 3919 εκαστον
470 3864 514 3937 M]
534 3863 642 3942 ἑκάστῳ
662 3866 712 3924 fol.
730 3872 815 3925 1351.
895 3873 946 3924 Ὦ.
965 3862 1055 3921 offis)
1071 3861 1139 3929 {Qu
