2394 4208
80 583 121 637 vl
137 583 167 655 6]
351 581 401 636 DE
419 582 676 637 AETERNITATE
695 582 816 638 MVNDI
1034 584 1098 648 133

151 743 192 818 ς’.
208 744 278 809 Ἴθι
303 747 344 829 δή
368 769 406 829 γε
428 748 458 811 εἰ
480 747 596 828 βούλει
619 745 674 810 καὶ
694 745 745 810 ἐπὶ
765 748 825 811 τὸν
843 751 1023 830 κολοφῶνα
1041 756 1099 830 τῆς

81 852 232 935 ἀτοπίας,
256 855 304 929 εἰς
328 852 368 917 δν
390 853 475 937 ἡμᾶς
498 852 516 918 6
540 854 661 937 σεμνὸς
684 847 782 930 οὗτος
805 851 970 936 ἐμβιβάζει
999 854 1099 937 λόγος

81 960 121 1023 τὸ
150 963 258 1036 καλῶς
287 955 459 1045 ἁρμοσθὲν
491 961 586 1024 λύειν
616 958 747 1024 ἐθέλειν
776 968 880 1024 κακοῦ
908 959 1023 1043 λέγων.
1069 962 1099 1025 ελ

82 1067 148 1150 γὰρ
172 1065 313 1131 δύναται
341 1063 404 1150 μὲν
426 1067 487 1130 τὸν
504 1069 630 1149 κόσμον
649 1066 666 1130 6
686 1068 890 1153 δημιουργὸς
909 1071 1018 1150 λῦσαι,
1037 1066 1100 1131 οὐκ

81 1171 127 1236 ἀν
155 1168 192 1236 δὲ
219 1173 314 1237 λύσει
343 1174 387 1256 μὴ
415 1176 611 1256 κακυνθείς,
639 1174 742 1237 κακὸν
770 1175 833 1258 ἀρα
856 1175 893 1238 τὸ
918 1177 1017 1238 λῦσαι
1040 1174 1100 1237 τὸν
1127 1203 1140 1243 5

82 1282 225 1362 κόσμον·
250 1281 279 1344 εἰ
303 1280 366 1363 γὰρ
390 1281 433 1363 μὴ
458 1281 561 1344 κακὸν
583 1280 620 1343 τὸ
645 1284 753 1363 λῦσαι,
775 1279 837 1344 οὐκ
855 1279 898 1344 ἀν
915 1284 1098 1363 κακυνθείη

81 1389 184 1451 λύων.
233 1388 263 1451 ελ
291 1382 329 1450 δὲ
357 1386 394 1449 τὸ
424 1390 522 1451 λῦσαι
550 1389 668 1469 κακόν,
702 1389 768 1469 ἔχει
796 1383 834 1450 δὲ
862 1387 1007 1470 δύναμιν
1038 1396 1099 1451 τοῦ

80 1498 182 1558 λῦσαι
210 1494 271 1557 τὸν
298 1493 426 1576 κόσμον
454 1492 471 1556 6
500 1496 596 1575 θεός,
626 1496 691 1576 ἔχει
721 1494 785 1576 ἀρα
811 1501 870 1557 τοῦ
894 1495 1099 1559 κακύνεσθαι

81 1601 231 1683 δύναμιν
254 1598 272 1664 6
295 1601 387 1682 θεός,
411 1597 482 1663 ἐπεὶ
505 1597 560 1662 καὶ
583 1607 643 1663 τοῦ
667 1609 867 1663 κακοποιεῖν.
914 1606 1004 1684 εἴπερ
1035 1603 1099 1685 ἀρα

79 1708 188 1772 κακὸν
210 1707 247 1770 τὸ
272 1710 381 1790 λῦσαι,
405 1709 471 1789 ἔχει
496 1702 533 1770 δὲ
556 1714 617 1769 τοῦ
640 1709 738 1769 λῦσαι
763 1706 922 1789 δύναμιν,
946 1709 1012 1790 ἔχει
1035 1708 1099 1792 ἀρα
1112 1738 1139 1777 ιο

80 1812 139 1879 καὶ
172 1821 233 1877 τοῦ
263 1823 456 1877 κακοποιεῖν
488 1810 543 1876 καὶ
575 1821 636 1876 τοῦ
667 1813 874 1876 κακύνεσθαι
907 1814 1052 1895 δύναμιν
1080 1812 1098 1876 6

80 1922 174 1996 θεός.
234 1918 289 1983 καὶ
321 1923 356 1983 τί
385 1928 443 2002 τῆς
481 1917 623 2000 ἀσεβοῦς
659 1919 779 2001 ταύτης
817 1917 949 1994 ἐννοίας
985 1929 1099 2003 χεῖρον

80 2023 205 2110 γένοιτ’
235 2026 291 2103 ἀν;
324 2027 353 2090 εἰ
376 2020 440 2090 οὖν
463 2025 632 2089 ἀδύνατον
654 2019 865 2110 κακυνδηναι
888 2026 949 2108 τὴν
973 2023 1098 2107 ἀγαθό-

80 2156 175 2216 τητα,
199 2133 228 2196 εἰ
250 2127 312 2214 μὲν
335 2132 438 2195 κακὸν
460 2131 480 2214 ἡ
505 2140 565 2195 τοῦ
584 2132 710 2214 κόσμου
730 2131 836 2214 λύσις,
855 2126 935 2195 οὐδὲ
954 2131 1099 2214 δύναμιν

79 2237 149 2315 ἔξει
172 2246 233 2302 τοῦ
257 2242 355 2302 λῦσαι
377 2239 438 2301 τὸν
460 2239 588 2320 κόσμον
611 2236 628 2302 6
651 2240 747 2320 θεός,
776 2239 806 2302 ελ
829 2234 866 2301 δὲ
888 2239 932 2320 μὴ
957 2240 1013 2323 ἔχη
1037 2246 1097 2302 τοῦ
1112 2265 1138 2307 15

81 2346 180 2409 λύειν
208 2344 368 2427 δύναμιν,
396 2339 477 2407 οὐδὲ
504 2352 564 2407 τοῦ
594 2344 731 2408 συνδεῖν
759 2342 823 2420 ἔξει
851 2345 997 2427 δύναμιν
1019 2339 1099 2408 οὐδὲ

81 2450 272 2534 συνέδησεν
298 2450 358 2513 τὸν
385 2453 525 2533 κόσμον·
554 2453 662 2526 καλῶς
691 2451 753 2535 γὰρ
781 2449 836 2514 καὶ
864 2451 978 2526 αὐτοῖς
1007 2450 1100 2513 δοκεῖ

79 2565 254 2641 πανταχοῦ
286 2564 347 2619 τοῦ
380 2556 439 2619 τὸν
472 2556 597 2638 δεσμὸν
629 2557 757 2633 εἰδότος
789 2555 913 2622 εἰδέναι
946 2554 1001 2619 καὶ
1038 2555 1100 2638 τὴν

80 2666 184 2730 λύσιν
220 2658 262 2727 οὗ
299 2661 490 2745 συνέδησεν.
547 2664 576 2726 ελ
608 2656 671 2726 οὖν
703 2661 721 2725 6
753 2662 813 2725 τὸν
846 2663 970 2745 δεσμὸν
1002 2660 1099 2737 εἰδὼς

81 2767 180 2836 οἶδεν
207 2769 262 2834 καὶ
289 2771 351 2853 την
378 2769 489 2850 λύσιν,
519 2766 536 2832 6
566 2769 630 2852 ἀρα
657 2768 717 2849 τὴν
740 2768 839 2831 λύσιν
862 2766 995 2851 ἀγνοῶν
1018 2764 1139 2838 οὐδὲοο

79 2879 145 2942 τὸν
169 2877 293 2959 δεσμὸν
316 2881 447 2940 εἴσεται.
496 2875 525 2938 εἰ
554 2868 617 2937 οὖν
640 2871 802 2956 συνέδησε
825 2874 862 2937 τὸ
886 2884 953 2938 πᾶν
976 2874 994 2939 6
1017 2876 1099 2952 θεὸς

80 2982 140 3047 καὶ
156 2977 250 3046 οἶδεν
268 2982 328 3045 τὸν
347 2981 472 3065 δεσμὸν
491 2974 532 3044 οὗ
552 2977 745 3062 συνέδησεν,
764 2978 820 3044 καὶ
838 2981 899 3063 τὴν
918 2981 1017 3046 λύσιν
1035 2983 1099 3066 ἄρα

79 3089 189 3154 αὐτοῦ
223 3094 344 3153 εἴσεται
376 3085 432 3151 καλ
464 3087 559 3151 λύειν
591 3087 628 3150 τὸ
661 3095 728 3150 πᾶν
761 3087 946 3171 δυνήσεται.
999 3090 1028 3153 εἰ
1060 3085 1098 3153 δὲ

80 3198 225 3262 δύναται
245 3199 344 3259 λῦσαι
363 3195 423 3258 τὸν
442 3195 569 3277 κόσμον
587 3193 605 3258 6
625 3196 715 3274 θεός,
735 3191 805 3256 ἐπεὶ
824 3193 879 3258 καὶ
903 3192 1097 3277 συνέδησεν,

80 3311 146 3369 τοῦ
171 3298 209 3365 δὲ
232 3303 361 3378 εἰδότος
383 3302 445 3384 την
468 3302 567 3365 λύσιν
589 3302 626 3364 τὸ
650 3300 755 3382 λύειν,
779 3300 840 3364 οὐκ
864 3301 928 3386 ἀρα
949 3301 1053 3364 κακὸν
1075 3300 1137 3383 ἡιε

78 3418 144 3474 τοῦ
163 3411 291 3492 κόσμου
311 3410 418 3485 λύσις·
443 3406 583 3491 οὐδεμία
602 3408 664 3491 γὰρ
685 3405 721 3470 ἐν
744 3414 789 3494 τῷ
812 3414 883 3494 θεῷ
907 3416 967 3471 τοῦ
991 3415 1096 3471 κακοῦ

80 3517 241 3599 δύναμις·
270 3514 287 3578 6
316 3515 379 3598 γὰρ
407 3522 468 3578 τοῦ
496 3522 600 3578 κακοῦ
629 3513 774 3597 δύναμιν
802 3516 886 3597 ἔχων
913 3512 968 3577 καὶ
996 3514 1097 3590 κακὸς

157 3785 181 3832 3.
206 3777 279 3832 Plat.
303 3776 373 3831 Tim.
397 3777 489 3830 41AB
601 3781 625 3830 ὅ,
649 3776 716 3847 λύση
740 3779 773 3849 pt
795 3776 1044 3849 (ef.116,15.16
1065 3776 1110 3835 δυ

79 3852 173 3919 λύσαι)
229 3856 269 3901 11.
290 3848 485 3916 δλννλαμινΜ
544 3855 585 3904 15.
605 3848 646 3922 μὴ
664 3848 722 3924 ἔχει
740 3855 776 3943 μδ
843 3859 887 3912 16.
910 3852 1127 3930 εξειῖιῆἱυδι.

66 3954 125 4017 φτ
189 3953 230 4000 22.
252 3954 291 3999 23.
312 3954 383 4018 uela
400 3951 504 4023 ἀυῙτον
521 3955 557 4012 Μ
612 3966 656 4022 27.
679 3945 798 4044 κακάιςς,
819 3969 855 4036 ὸς
873 3988 907 4026 m
927 3966 1014 4041 ‘2AE
