2394 4208
1 37 875 343 -ξ

89 576 128 631 VI
143 578 188 648 18]
357 574 406 630 DE
424 575 681 631 AETERNITATE
699 575 821 631 MVNDI
1034 577 1096 642 179

89 739 180 805 ἐστὶν
202 737 257 804 καλ
282 738 411 804 ἐκείνου
434 738 530 804 ἕνεκα
551 740 658 804 πάντα
681 737 736 804 καὶ
760 738 866 804 ἐκεῖνο
890 745 998 805 αίτιον
1016 741 1097 806 ποίν-

88 870 155 911 τωυ
182 847 304 910 καλῶν’
326 845 381 910 καὶ
409 845 446 911 ἐν
472 854 518 934 τῳ
546 847 687 933 τετάρτῳ
715 857 782 911 τῶν
809 849 921 931 νόμων
942 848 1043 912 πάλιν
1065 847 1096 913 ‘6

87 948 148 1036 μὲν
176 953 218 1034 δὴ
246 956 339 1034 θεός,
368 953 476 1037 ὥσπερ
506 952 523 1017 ὁ
550 953 690 1029 παλαιὸς
717 954 829 1037 λόγος,
857 951 963 1036 ἀρχήν
985 976 1017 1017 τε
1041 952 1096 1018 καὶ

86 1061 244 1142 τελευτὴν
266 1057 321 1122 καὶ
344 1057 427 1142 με’σα
449 1069 516 1122 τῶν
539 1061 646 1123 ὄντων
669 1058 824 1124 ἁπάντων
847 1061 931 1143 ἔχων
958 1059 1096 1124 εὐθεῖαν

86 1169 236 1250 περαίνει
259 1165 341 1229 κατὰ
363 1165 469 1248 φύσιν
490 1165 801 1249 περιπορευόμενος’
825 1164 963 1250 ἀρχαῖον
985 1169 1096 1231 καλῶν
1122 1195 1135 1234 5

88 1274 191 1355 λόγον
214 1277 279 1335 είτε
301 1271 362 1335 τὸν
380 1268 525 1354 Ὀρφέως
548 1267 667 1356 (φησὶν
690 1274 753 1355 γὰρ
777 1271 902 1348 ἐκεῖνος

155 1378 254 1454 ζΖεὺς
271 1388 401 1461 πρῶτος
420 1374 560 1460 ἐγένετο,
582 1380 665 1452 Ζεὺς
684 1377 823 1454 ὕστατος
847 1376 1094 1464 ἄργικέραυνος,

156 1487 241 1559 Ζεὺς
268 1486 409 1566 κεφαλή,
440 1485 524 1559 Ζεὺς
550 1474 648 1566 μέσα,
676 1483 760 1558 Διὸς
788 1480 817 1546 δ’
847 1482 882 1547 ἐκ
909 1487 1016 1550 πάντα
1045 1485 1094 1552 τέ-

87 1589 230 1676 τυκταί)

86 1703 150 1761 είτε
188 1698 249 1779 τὴν
281 1696 399 1778 κοινὴν
430 1695 584 1760 ἁπάντων
616 1694 806 1778 ἀνθρώπων
837 1693 912 1779 περὶ
944 1707 1004 1761 τοῦ
1040 1697 1093 1763 ἐπὶ
1106 1726 1132 1765 ιο

85 1803 220 1867 πάντων
247 1809 331 1867 θεοῦ
358 1802 528 1885 ὑπόληψιν
555 1802 600 1877 ὡς
627 1803 734 1865 αἰτίου
762 1801 898 1864 πάντων
924 1802 1028 1879 ὄντος.
1074 1804 1092 1869 ὁ

87 1917 172 1990 γοῦν
195 1906 435 1992 Ἀριστοτέλης,
463 1909 507 1984 ὡς
534 1906 589 1971 καί
616 1914 723 1993 μικρῷ
750 1908 901 1991 πρόσθεν
929 1907 1093 1993 ἐμνήσθη-

86 2037 157 2098 μεν,
177 2013 214 2077 ἐν
232 2022 278 2101 τῳ
297 2013 511 2101 γεγραμμένῳ
532 2014 621 2101 αὐτῷ
643 2012 719 2098 περὶ
742 2023 801 2078 τοῦ
825 2017 950 2099 κόσμου
973 2018 1092 2104 βιβλίῳ

87 2119 225 2204 ἀρχαῖόν
255 2144 328 2185 τινα
358 2123 460 2203 λόγον
489 2118 543 2184 καὶ
572 2121 714 2204 πάτριον
744 2116 832 2185 εἷναί
859 2139 963 2204 φησιν
991 2132 1094 2188 πᾶσιν

87 2225 289 2309 ἀνθρώποις,
309 2227 353 2303 ὡς
372 2225 407 2290 ἐκ
425 2232 510 2291 θεοῦ
528 2227 635 2290 πάντα
657 2224 712 2290 καί
736 2227 792 2290 διὰ
814 2227 898 2291 θεὸν
915 2227 996 2312 ἡμῖν
1013 2246 1092 2294 συν·
1106 2253 1132 2295 ιο

88 2332 221 2416 ε’στηκεν
248 2330 303 2396 καί
331 2332 469 2416 οὐδεμία
497 2334 598 2417 φύσις
626 2331 716 2398 ἐστὶν
739 2333 821 2416 αὐτὴ
844 2331 929 2420 nal&
954 2331 1027 2398 ἑαυ-
1046 2351 1143 2393 (οιτον.

85 2440 146 2522 τὴν
177 2439 340 2523 αὐτάρκης
370 2439 578 2524 ἐρημωθεῖσα
606 2449 664 2522 τῆς
696 2438 731 2503 ἑκ
765 2441 886 2504 τούτου
918 2444 1091 2526 σωτηρίας·

87 2545 139 2609 καὶ
163 2546 265 2609 πάλιν
288 2544 306 2610 ὁ
331 2545 429 2621 αὐτὸς
453 2545 490 2610 ἐν
512 2554 558 2633 τῷ
581 2546 689 2628 λάμδα
712 2550 861 2633 στοιχείῳ
880 2555 937 2629 της
955 2548 1035 2630 μετὰ
1053 2547 1093 2610 τὰ

87 2653 212 2732 φυσικὰ
243 2655 465 2736 πραγματείας
496 2656 576 2735 μίαν
608 2647 692 2716 εἶναι
724 2652 785 2735 τὴν
815 2653 950 2716 πάντων
984 2653 1093 2717 αἰτίαν

85 2755 139 2821 καὶ
163 2755 268 2840 ἀρχὴν
291 2756 465 2835 ἀποδείξας
485 2755 610 2844 Ὁμήρῳ
635 2756 929 2841 συναπεφθὲγξατο
954 2758 1056 2823 εἰπὼν
1105 2785 1131 2824 εο

151 2862 225 2926 ‘obn
249 2862 381 2946 ἀγαθὸν
403 2866 658 2948 πολυκοιρανίη,
682 2855 729 2939 εἷς
751 2866 908 2948 κοίρανος
930 2862 1033 2928 ἔσται’.

83 2968 138 3033 καλ
171 2973 206 3032 τί
236 2970 287 3034 δελ
320 2969 474 3035 ε’πιπλὲον
505 2973 687 3054 μαρτυρίας
714 2970 842 3033 τούτων
872 2969 1091 3054 παρατνθέναι

84 3076 190 3158 δήλου
219 3076 339 3168 τούτου
366 3086 468 3141 πᾶσιν
493 3076 713 3160 ὑποίρχοντοςς
746 3073 842 3140 ὁπότε
870 3075 924 3139 καὶ
951 3086 1008 3160 τῆς
1029 3086 1090 3142 τοῦ

82 3184 210 3266 κόσμου
235 3192 341 3265 ψυχῆς
364 3193 483 3266 νοητῆς
506 3183 608 3265 οὔσης
630 3179 685 3246 καλ
708 3191 775 3244 τῶν
793 3185 937 3264 λογικῶν
955 3181 1091 3247 ἁπασῶν

82 3299 202 3372 ψυχῶν
234 3288 440 3373 δημιουργὸν
472 3288 509 3353 ἐν
545 3292 668 3375 Τιμαίῳ
700 3288 760 3351 τὸν
792 3288 876 3352 θεὸν
908 3289 1130 3372 εἰσήγαγενιε

156 3491 180 3536 1.
201 3488 224 3536 2.
245 3480 449 3538 ἁπάντωντῶν
467 3486 559 3537 καλῶν
577 3481 649 3536 ΡΙειλ.
745 3486 768 3534 2.
788 3479 860 3534 plat.
878 3479 933 3549 leg.
952 3479 990 3534 IV
1009 3479 1089 3534 715ss

155 3559 180 3607 3.
200 3553 289 3621 ὥσπερ
308 3555 356 3607 καὶ
375 3553 389 3608 ὁ
408 3553 479 3608 Plat.
572 3559 595 3607 7.
615 3559 638 3606 8.
658 3551 692 3606 cf.
713 3550 835 3620 Orphica
856 3566 909 3604 rec.
929 3550 998 3620 Eug.
1018 3549 1089 3604 Abel

82 3624 115 3679 fr.
140 3630 175 3679 46
203 3623 294 3692 (scrib.
323 3622 415 3695 γένετο
432 3667 437 3678 .
453 3669 459 3679 .
476 3666 481 3678 .
496 3622 592 3693 μέσσα)
700 3628 740 3676 12.
765 3621 849 3676 Arist
880 3620 914 3674 de
941 3621 1045 3676 mundo
1072 3625 1089 3674 6

82 3713 110 3765 p.
126 3695 202 3749 397b
219 3702 263 3761 133
292 3695 326 3750 ef.
349 3712 432 3764 supra
451 3700 511 3761 174,
526 3700 559 3748 26
668 3699 708 3746 16.
733 3691 781 3746 διὰ
804 3695 875 3745 θεοῦ
899 3691 983 3748 Arist.

84 3772 126 3820 18.
146 3766 288 3838 λάμβδαλ
363 3765 447 3820 Arist.
467 3765 588 3834 metaph.
608 3769 633 3819 Λ
652 3769 685 3817 10
703 3782 730 3837 p.
747 3767 874 3819 1076}st
950 3762 1108 3820 (ὶθῖὶὶοῐο.

84 3877 107 3927 Β
126 3878 177 3926 204
251 3846 616 3948 ,ὁμηίονσίίαπεφθεγξατο
636 3873 667 3930 M
762 3882 811 3935 21.
830 3894 966 3947 κυοανος
978 3873 1020 3929 Ἄ

71 3947 111 3990 25,
131 3939 201 3988 plat.
223 3937 288 3990 sz.
309 3941 374 3992 31ss
385 3958 426 4010 εη.

914 4039 977 4100 12⁸
