2348 4290
53 562 134 616 ατο
149 564 177 634 ι]
324 560 372 616 DE
390 560 648 617 Δονοοαινεοο
666 560 787 618 mm
1000 563 1065 628 603

10 723 151 802 τάξιν
177 724 345 809 ἥγαγεν’
328 748 363 789 εκ
391 734 448 809 τῆς
476 722 554 802 ἀταξ
556 722 637 813 ί,ας)
661 725 825 811 ἐνδέχεται
848 718 924 791 τὶ”
903 750 967 811 αρα
990 725 1064 808 ιἰγὲ·

10 838 160 915 νητον
188 830 228 896 ὂν
255 826 471 919 φθαρτὸν
439 854 540 916 ειναι,
568 837 603 897 εί
625 854 664 916 γε
683 833 688 917 Ι
707 833 745 897 τὸ
767 829 830 917 μὲν
852 833 870 898 ὁ
895 835 1027 918 Πρό-ιι
1003 849 1116 890 ταν-1251

10 943 135 1015 κλος
163 937 307 1002 δέδωκεν
333 938 370 1002 τὸ
399 937 569 1021 ἀγένητον,
596 938 634 1002 τὸ
663 934 700 1003 δὲ
723 939 866 1004 Πλάτων
893 939 930 1003 τὸ
953 946 1065 1024 φθαρ-

54 1048 125 1109 τόν.
170 1048 205 1109 τί
229 1039 292 1109 οὖν
319 1045 439 1109 κωλύει
466 1042 521 1108 καὶ
549 1044 586 1108 τὸ
614 1043 814 1128 τεταγμένον
841 1046 981 1128 γενητὸν
1003 1042 1065 1130 μὲν

54 1147 143 1215 εἶναι
167 1152 344 1236 ἄφθαρτον
367 1150 417 1230 ὃί;
441 1152 547 1227 ἄλλοις
570 1173 605 1214 τε
630 1152 659 1216 εί
681 1149 736 1216 καὶ
759 1152 796 1216 τὸ
820 1150 981 1235 ἀγένητον
1003 1162 1063 1217 τοῦ
1091 1177 1104 1217 ι

56 1257 236 1342 ἀφθάρτου
268 1267 419 1341 κρεῖττον
449 1254 504 1321 καὶ
536 1257 573 1321 τὸ
606 1258 748 1322 ἄτακτον
779 1255 942 1341 ἀγένητον
978 1255 1064 1323 εἶναι

54 1366 335 1448 συγχωρήσομεν,
363 1362 446 1427 ἄλλα
472 1386 509 1446 γε
532 1361 646 1428 καὶτὸ
671 1365 849 1449 ἄφθαρτον
870 1371 930 1428 τοῦ
954 1371 1065 1449 φθαρ·

54 1478 117 1534 τοῦ
144 1471 295 1554 κρεῖττόν
322 1468 421 1535 ἐστιν.
466 1470 549 1534 ὥστε
571 1468 627 1535 καὶ
649 1470 686 1534 τὸ
709 1469 910 1554 τεταγμένον
932 1472 1065 1557 ἄφθαρ-

54 1600 117 1640 τον
140 1574 180 1639 ὂν
203 1577 284 1640 κατὰ
308 1577 472 1641 Πλάτωνα
493 1578 644 1661 κρεῖττόν
668 1575 759 1641 ἐστιν
780 1578 863 1641 κατὰ
885 1585 984 1641 τοῦτο
1003 1586 1064 1640 τοῦ

55 1682 199 1746 ἀτάκτου
223 1688 379 1767 φθαρτοῦ
403 1683 508 1757 ὄντος.
553 1681 679 1746 οὐκοῦν
700 1682 783 1747 κατοί
804 1705 835 1746 τι
859 1678 920 1766 μὲν
944 1681 980 1746 ἐκ
1001 1691 1063 1746 τοῦ
1079 1708 1105 1748 ιο

54 1792 244 1874 κρείττονος
271 1797 330 1853 τοῦ
355 1786 528 1871 ἀγενήτου,
555 1788 637 1852 κατοί
658 1810 689 1852 τι
713 1784 750 1852 δὲ
773 1787 809 1853 ίκ
831 1797 891 1853 τοῦ
915 1791 1066 1873 χείρονος

54 1902 117 1959 τοῦ
141 1899 297 1979 φθαρτοῦ
320 1893 340 1977 ἡ
363 1902 423 1958 τοῦ
445 1893 647 1978 τεταγμένον
671 1893 761 1959 ἐστίν
783 1894 912 1978 γένεσις
929 1893 984 1959 καί
1004 1894 1066 1978 οὐχ

55 2000 169 2076 ἁπλῶς
193 1999 228 2064 ἐκ
250 2005 439 2086 κρείττονος
456 2001 494 2064 τὸ
513 2010 627 2086 χεῖρον
646 1999 829 2085 γεγένηται,
847 2001 892 2077 ὡς
910 2002 1065 2088 Πρόκλος

54 2110 171 2191 φησίν.
216 2105 271 2171 καὶ
299 2108 328 2171 εί
355 2107 394 2171 τὸ
422 2101 508 2171 εἶναι
536 2115 595 2171 τοῦ
623 2108 667 2190 μὴ
696 2102 782 2172 εἶναι
805 2117 965 2193 κρεῖττον,
994 2104 1063 2172 εἰιεὶ

57 2212 114 2279 καί
137 2211 265 2296 γένεσις
289 2219 437 2298 φθορᾶς,
460 2213 505 2289 ὡς
527 2211 628 2306 αὐτός
647 2231 760 2298 φησιν,
778 2211 833 2279 καὶ
851 2213 889 2277 τὸ
908 2209 970 2297 μὲν
988 2214 1063 2277 ἄτα·
1078 2238 1104 2279 ιι

55 2344 137 2385 κτον
160 2321 306 2384 δυνατὸν
329 2315 372 2403 ἦν
394 2317 508 2403 μηκέτι
532 2314 618 2384 είναι
642 2322 808 2405 φθαρτόν,
831 2323 939 2385 καίτοι
963 2343 1000 2403 γε
1024 2319 1065 2383 ὂν

54 2425 112 2492 καὶ
135 2425 278 2512 φθαρίν,
301 2427 338 2490 τὸ
363 2422 401 2490 δὲ
422 2423 622 2509 τεταγμένον
646 2424 814 2491 ἀδύνατον
840 2421 884 2509 ἦν
910 2427 954 2510 μὴ
978 2421 1064 2491 εἶναι

56 2536 235 2619 ἄφθαρτον
258 2535 308 2616 ὅν,
335 2531 390 2597 καί
413 2531 523 2609 ἁπλῶς
546 2533 610 2619 ἄρα
631 2543 783 2620 κρείττον
805 2532 843 2596 τὸ
865 2531 1066 2616 τεταγμένον

54 2649 116 2705 τοῦ
141 2639 291 2705 ἀτάκτου.
337 2638 373 2704 ἐκ
395 2648 456 2704 τοῦ
478 2644 629 2726 χείρονος
652 2640 716 2725 ἄρα
737 2638 758 2722 ἡ
780 2646 841 2704 τοῦ
864 2637 1065 2723 τεταγμένον

56 2745 195 2829 γένεσις.
241 2744 311 2810 ἀλλ’
335 2741 426 2830 οἶμαι
449 2749 622 2830 φιλοτιμία
644 2748 751 2829 μόνον
773 2743 864 2810 ἐστὶν
885 2746 1020 2831 περιττὴ
1043 2745 1105 2828 ἡιο

55 2853 192 2936 τοιαύτη
220 2864 288 2917 τῶν
310 2855 420 2936 λόγον
443 2855 586 2938 στροφη,
614 2854 777 2938 χρήσιμον
799 2849 845 2916 δὲ
860 2848 939 2917 οὐδὲ
961 2873 1065 2937 κραγ-

54 2960 235 3042 ματειῶδες
263 2956 365 3024 οὐδὲν
388 2962 467 3044 ἔχει·
504 2959 587 3023 ὅθεν
609 2957 694 3042 ἡμᾶς
716 2958 842 3042 ἀνάγκη
866 2967 934 3022 τῶν
955 2958 1065 3021 τοιού-

56 3089 125 3130 τοιν
151 3072 277 3131 θᾶττον
305 3064 480 3148 ἀποπηδᾶν
502 3067 626 3148 λόγων·
662 3063 718 3129 καὶ
741 3060 822 3129 οὐδὲ
842 3074 951 3129 κινείν
973 3059 1064 3147 οἶμαι

55 3173 119 3255 τὴν
151 3171 255 3257 ἀρχὴν
285 3173 326 3236 τὰ
357 3181 494 3235 τοιαῦτα
523 3172 584 3235 τὸν
616 3173 808 3254 φιλόσοφον
838 3166 882 3254 ἦν
915 3169 1064 3253 εὔλογον.

57 3277 109 3342 ὅτι
140 3275 177 3342 δὲ
207 3274 286 3343 οὐδὲ
316 3278 416 3354 κακὸς
446 3277 464 3343 ὁ
495 3279 711 3363 δημιουργός,
742 3278 772 3342 εί
798 3277 835 3341 τὸ
864 3273 1064 3359 τεταγμένον
1078 3299 1105 3341 ιε

56 3387 212 3467 φθείροι,
240 3383 277 3448 ἐν
303 3392 350 3472 τῷ
379 3381 410 3458 ς’
435 3385 491 3448 διὰ
516 3386 683 3449 ττλειόνον
710 3381 886 3467 ἐδείξαμεν.
933 3385 1064 3447 ἔσονται

57 3487 94 3555 δὲ
123 3491 209 3556 οὕτω
236 3489 291 3555 καί
320 3492 352 3555 ολ
380 3490 550 3575 ἐγκότμιοι
577 3488 653 3555 θεοὶ
680 3487 776 3553 κακοί
803 3489 843 3552 τὰ
870 3490 988 3575 μερικὰ
1014 3511 1065 3553 τε·

130 3723 154 3774 3.
169 3724 193 3772 4.
214 3715 357 3789 φθαρτόν]
376 3720 528 3785 αφθαρτον
546 3717 576 3771 Μ
685 3722 725 3770 10.
745 3717 839 3787 μεν[εν
859 3714 909 3786 οτι]
928 3715 958 3768 Μ

59 3829 99 3879 15.
119 3840 183 3894 pag.
200 3833 259 3895 590
276 3829 308 3877 17
390 3829 430 3877 16.
451 3820 520 3894 mlv,
538 3838 571 3876 ex
591 3841 623 3891 ει,
642 3823 672 3876 Μ
752 3828 793 3876 20
813 3805 909 3891 τεριτη
929 3820 958 3873 Μ

57 3938 101 3986 22.
121 3907 283 3986 &amm
268 3930 369 3999 μαςΜ
423 3935 465 3983 24.
484 3928 569 4003 τΜν,
587 3944 673 4001 exo)
688 3929 721 3984 Μ
775 3926 825 3983 *55
839 3931 1085 3997 mmm„
