2394 4208
64 571 223 644 x113.14]
330 571 379 627 ΒΕ
396 571 654 628 ΑΕΤΕΒΝΙΤΑΤΕ
671 572 793 628 MVNDI
1005 572 1071 637 459

65 758 133 799 των
156 734 174 800 6
198 736 297 819 λόγος
319 744 365 824 τῷ
390 737 532 822 Πρόκλῳ
556 737 719 821 πρόεισιν,
746 733 882 813 δειξάτω
908 759 958 813 τις
981 736 1071 820 ἡμῖν,

64 849 132 906 ποῦ
166 843 308 907 Πλάτων
340 841 463 908 οὑτωσὶ
496 843 682 927 διαρρήδην
713 843 861 929 άναρχον
893 838 979 908 εἶναι
1011 843 1072 927 τὴν

62 948 150 1032 ὑλην
176 947 320 1014 ὑπέθετο
347 948 403 1014 καί
430 949 543 1015 ἀίδιον
569 947 728 1032 γενέσεως
756 947 860 1034 ἀρχὴν
889 949 951 1015 οὐκ
978 951 1071 1033 ἔχου-

65 1073 142 1119 σαν·
179 1054 329 1140 οὐδαμοῦ
357 1056 420 1141 γάρ
444 1058 535 1121 ἔστιν
557 1065 624 1120 τῶν
648 1056 815 1138 διαλόγων
837 1064 936 1121 τοῦτο
960 1055 1072 1141 εὑρεῖν

64 1161 230 1226 Πλάτωνα
253 1161 405 1245 λέγοντα·
429 1162 528 1228 ὁπότε
551 1166 617 1244 καί,
642 1163 671 1226 εί
694 1171 809 1245 σαφῶς
832 1162 937 1239 οὑτως
961 1161 1072 1228 ἀίδιον
1099 1187 1111 1230 ι

64 1266 170 1351 αὐτὴν
197 1263 283 1333 εἶναι
312 1268 472 1352 ὑπέθετο,
501 1276 548 1356 τῷ
578 1264 616 1332 δὲ
646 1267 758 1332 ἀίδιον
786 1263 871 1332 εἶναι
898 1270 960 1351 τὴν
986 1269 1072 1352 ὕλην

66 1377 279 1459 συνεισηγετο
317 1371 350 1451 ἐξ
387 1374 532 1458 ἀνάγκης
567 1374 605 1437 τὸ
642 1371 697 1438 καὶ
733 1374 794 1438 τὸν
829 1376 955 1458 κόσμον
986 1371 1072 1440 εἶναι

64 1479 187 1563 ἀίδιον,
205 1479 317 1559 οὐδεὶς
340 1479 382 1546 ἀν
405 1480 551 1563 εὐλόγως
573 1475 666 1565 οἶμαι
689 1489 746 1564 τῆς
765 1478 923 1564 ἀληθείας
944 1485 1073 1566 μᾶλλον

63 1586 85 1670 ἢ
108 1597 168 1652 τοῦ
193 1588 375 1664 Πλάτωνος
398 1587 564 1674 φροντίδα
586 1587 788 1672 ποιούμενος
811 1586 971 1652 ἐντεῦθεν
993 1605 1072 1653 συν·

62 1703 154 1778 ἥγεν,
181 1694 226 1770 ὡς
253 1692 308 1759 καὶ
337 1694 397 1759 τὸν
424 1695 551 1778 κόσμον
578 1692 741 1776 ἀγένητον
768 1689 854 1758 εἶναι
882 1691 936 1758 καὶ
962 1692 1073 1759 ἀίδιον
1087 1721 1114 1760 ιο

64 1798 82 1864 6
117 1801 259 1865 Πλάτων
294 1799 393 1887 ᾤετο,
430 1799 560 1865 ἐκείνου
598 1810 714 1883 σαφῶς
750 1799 815 1864 ἀπό
846 1822 938 1876 τινος
971 1798 1072 1885 ἀρχῆς

62 1905 238 1990 γεγονέναι
261 1907 365 1972 αὑτὸν
388 1905 443 1972 καὶ
467 1906 528 1972 οὐκ
551 1904 602 1971 ἀεὶ
627 1902 713 1971 εἶναι
736 1905 893 1990 λέγοντος
915 1903 970 1970 καὶ
993 1904 1074 1991 πρὶν

62 2012 220 2096 γενέσθαι
243 2015 287 2098 μὴ
311 2009 411 2079 εἶναι·
434 2017 469 2078 τί
489 2014 569 2099 γάρ,
592 2014 622 2077 εί
644 2022 683 2099 τῇ
706 2010 782 2099 περὶ
805 2022 863 2096 τῆς
885 2013 967 2096 ὑλης
991 2012 1073 2077 ὑπο-

61 2118 156 2184 θέσει
179 2122 222 2204 μὴ
246 2121 402 2186 συνεῖδεν
424 2119 443 2185 6
464 2120 607 2184 Πλάτων
624 2120 662 2183 τὸ
682 2117 714 2196 ἐξ
734 2117 879 2202 ἀνάγκης
898 2116 1073 2203 ἕπόμενον;

62 2229 232 2310 πολλαχοῦ
265 2228 327 2312 γάρ
361 2227 542 2311 ἄνθρωπός
578 2247 615 2309 γε
652 2225 700 2290 ὢν
735 2235 793 2309 τῆς
825 2224 974 2309 ἀληθοῦς
1006 2236 1073 2290 τῶν
1088 2250 1113 2293 ιε

62 2333 263 2416 πραγμάτων
300 2333 480 2418 διήμαρτεν
515 2334 741 2416 καταλήψεως,
780 2332 825 2408 ὡς
862 2330 899 2397 έν
930 2339 976 2418 τῷ
1008 2334 1072 2418 πρὸ

62 2439 184 2504 τούτου
219 2440 455 2524 ὑπεμνήσαμεν
491 2440 589 2526 λόγῳ.
645 2436 716 2502 ἀλλ’
753 2435 825 2502 οὐδ’
863 2437 899 2502 ε’κ
934 2447 995 2504 τοῦ
1034 2441 1074 2504 τά

62 2546 231 2629 μαχόμενά
253 2569 347 2622 τινας
369 2543 562 2610 ὑποθέσθαι
586 2543 626 2609 οὑ
651 2545 918 2630 συνεωρακότος,
947 2546 992 2622 ὡς
1014 2545 1073 2629 μά-

64 2675 168 2736 χεται,
195 2652 232 2716 τὸ
256 2653 300 2735 μὴ
324 2651 470 2736 θάτερον
492 2660 560 2714 τῶν
583 2649 779 2734 μαχομένων
801 2650 924 2727 αὐτοὺς
945 2650 1070 2716 ὑποθέ-

62 2764 144 2823 σθαι
168 2759 361 2841 συνάγεται,
389 2757 472 2822 ἀλλά
494 2756 532 2820 τὸ
555 2757 688 2834 ψευδῶς
711 2757 858 2843 θάτερον
880 2755 1072 2823 ὑποθέσθαι
1087 2784 1113 2824 κο

62 2865 100 2928 τὸ
133 2872 178 2951 τῷ
212 2863 331 2948 ἀληθεῖ
363 2863 600 2947 ἀντικείμενον.
646 2862 697 2926 ότι
728 2859 765 2927 δὲ
794 2860 849 2927 καὶ
882 2861 919 2927 έν
950 2860 1073 2949 ἑτέροις

62 2978 161 3034 τοῦτο
193 2970 371 3047 πεπονθὼς
403 2969 421 3035 6
454 2969 598 3034 Πλάτων
634 2971 788 3052 φαίνεται
826 2966 925 3055 (λέγω
959 2970 1000 3053 δὴ
1033 2972 1073 3035 τά

63 3079 232 3161 μαχόμενα
253 3074 489 3161 ὑποθέμενος),
513 3073 588 3152 ένός
610 3097 676 3139 που
700 3085 767 3139 τῶν
786 3073 916 3141 ἐκείνου
934 3074 990 3141 καὶ
1008 3085 1074 3140 νῦν

61 3183 306 3267 ὑποδείγματος
329 3182 426 3269 χάριν
448 3183 694 3267 μνησθησομαι.

130 3290 150 3354 δ
156 3287 191 3354 ι’.
219 3293 294 3354 Τῶν
315 3288 487 3374 τεσσάρων
509 3292 681 3373 στοιχείων
705 3289 813 3372 μόνην
835 3290 896 3371 τὴν
914 3299 978 3373 γῆν
997 3289 1072 3374 ἀμε-
1087 3315 1113 3356 τι

61 3396 226 3479 τάβλητον
249 3391 335 3460 είναι
356 3395 360 3480 Ι
382 3394 419 3460 ἐν
446 3397 570 3482 Τιμαίῳ
596 3395 740 3459 Πλάτων
761 3392 921 3478 ὑπέθετο,
948 3396 990 3460 τά
1009 3412 1049 3453 101.
1060 3414 1127 3454 ιεεν.

63 3499 101 3568 δέ
124 3504 224 3568 λοιπά
246 3506 322 3587 τρία
344 3502 562 3587 μεταβάλλειν
585 3502 632 3578 είς
656 3502 794 3584 ἀλληλα·
817 3499 872 3566 καὶ
892 3499 1019 3578 ἔξεστίν
1038 3525 1075 3585 γε

134 3701 159 3749 3.
174 3702 199 3750 4.
219 3694 349 3766 ἔχουσαν]
365 3710 465 3764 εχουοα
485 3692 514 3745 Μ
612 3699 653 3747 11.
672 3695 804 3746 παλατων
822 3692 851 3745 Μ
951 3699 993 3749 16.
1012 3697 1074 3765 διη-

63 3769 148 3870 μάὺεν
166 3801 196 3854 Μ
269 3805 369 3855 16.1’ί.
388 3798 419 3855 ἐν
436 3803 475 3871 τῷ
494 3797 548 3865 πρδ
567 3797 681 3854 τοὺτονι
703 3816 771 3870 ρος.
785 3805 920 3867 ww
943 3799 1041 3850 'mm
1058 3797 1092 3845 ἓν

61 3877 100 3943 τῷ
118 3871 206 3943 ἐνάτῳ
220 3889 286 3941 pag,
302 3875 395 3937 318,6
467 3875 511 3926 18.
531 3887 746 3941 συνεορακοτας
760 3870 799 3924 m
871 3876 923 3923 m.
940 3867 997 3936 Q
1008 3881 1063 3914 του
1075 3859 1121 3907 Ὧι

124 3945 268 4009 exspectes
285 3941 317 3996 τό
336 3939 566 4018 θάτερον-μὴ
585 3942 766 4002 ὑποθέσθαι
1038 3948 1041 3954 “
