2394 4208
82 589 144 644 vm
159 592 188 662 ³]
348 589 397 644 DE
414 589 672 645 AETERNITATE
689 589 810 646 MVNDI
1023 589 1088 655 309

83 751 154 817 ἀλλ’
178 752 289 830 ἀπλῶς
312 752 348 817 ἐκ
372 756 566 837 στερήσεως,
585 751 755 818 τουτέστιν
773 751 809 817 ἐκ
827 762 887 817 τοῦ
905 753 949 836 μή
969 751 1089 830 δεξιοῦ.

81 859 164 923 ἀλλὰ
187 860 229 942 δή
252 857 307 923 καὶ
331 857 363 936 ἐξ
388 858 648 943 ἀνεπιστήμονος
672 858 860 943 ἐπιστήμων
882 882 931 936 τις
950 862 1090 942 γίνεται·

80 963 150 1029 ἀλλ’
183 967 213 1030 εί
243 961 307 1048 μὲν
338 964 375 1029 ἐκ
406 975 464 1050 τῆς
496 964 645 1042 ἐναντίας
677 964 773 1042 ἕξεως
806 966 1018 1049 μεταβάλλοι,
1056 962 1089 1043 ἐξ

80 1069 242 1158 ένανήτίου
275 1072 296 1154 ή
325 1081 386 1137 τοῦ
419 1070 635 1156 ἐπιστήμονος
666 1071 809 1155 γένεσις,
842 1072 871 1136 ελ
903 1067 939 1135 δὲ
973 1069 1006 1148 ἐξ
1025 1087 1143 1129 romv-

80 1178 184 1261 άπλής
217 1177 367 1261 ἀγνοίας,
401 1177 436 1242 ἐκ
469 1182 660 1265 στερήσεως·
703 1170 777 1243 οἷον
809 1179 838 1243 εἰ
868 1181 1011 1262 νομίζων
1040 1201 1090 1255 τις
1117 1202 1130 1243 ι

78 1289 243 1370 πρότερον
265 1287 374 1369 βαρὺν
404 1281 489 1350 εἶναι
518 1286 578 1350 τὸν
608 1284 687 1369 ἀέρα
718 1285 903 1368 μεταμάθοι
931 1283 986 1350 καὶ
1012 1293 1090 1350 κοῦ-

80 1415 148 1474 φον
176 1395 353 1474 νομίσειεν,
382 1389 414 1468 ἐξ
443 1391 596 1456 ἐναντίου
624 1391 644 1474 ή
673 1400 730 1474 τῆς
753 1389 930 1475 ἐπιστήμης
953 1390 1090 1475 γένεσις,

80 1499 110 1562 εί
140 1493 177 1561 δὲ
205 1499 248 1580 μή
277 1500 464 1581 γινώσκων,
493 1502 573 1581 μήτε
601 1499 630 1561 εί
659 1499 765 1583 βαρὺς
791 1502 871 1582 μήτε
900 1499 929 1562 ελ
951 1507 1090 1582 κοῦφος,

78 1605 199 1687 μάθοι,
228 1604 278 1667 ὅτι
301 1613 443 1688 κοῦφος,
468 1602 504 1667 ἐκ
528 1607 708 1689 στερήσεως
731 1604 778 1679 εἰς
802 1599 892 1680 εἶδος
914 1603 934 1687 ἡ
954 1603 1090 1686 γένεσις.

79 1711 163 1775 ὥστε
195 1706 274 1774 οὐδὲ
303 1709 324 1792 ή
354 1720 421 1773 τῶν
452 1712 707 1794 συμβεβηκότων
737 1708 864 1792 γένεσις
893 1710 1023 1786 πάντως
1055 1709 1088 1786 ἐξ
1102 1734 1130 1773 ιο

80 1816 245 1881 ἐναντίου.
291 1815 353 1881 οῦκ
386 1818 450 1900 ἀρα
481 1826 548 1881 πᾶν
583 1817 620 1880 τὸ
658 1819 837 1900 γινόμενον
869 1814 902 1893 ἐξ
936 1815 1090 1880 ἐναντίου

78 1929 215 2008 γίνεται.
262 1924 290 1987 εἰ
319 1919 356 1987 δὲ
383 1925 427 2007 μή
454 1933 521 1987 πᾶν
543 1924 581 1986 τὸ
605 1926 784 2006 γινόμενον
807 1921 839 2000 ἐξ
863 1921 1017 1987 ἐναντίου
1042 1925 1091 2004 γί-

77 2054 185 2107 νεται,
214 2029 353 2112 γέγονεν
381 2026 417 2093 δὲ
444 2031 526 2093 κατὰ
550 2030 713 2093 Πλάτωνα
741 2028 776 2093 ἐκ
804 2037 864 2093 τοῦ
888 2028 1029 2093 ἀτάκτου
1053 2029 1090 2093 τὸ

79 2135 291 2220 τεταγμένον,
315 2136 352 2199 τὸ
376 2132 414 2199 δέ
437 2137 578 2201 ἀτακτον
601 2134 751 2221 στέρησις
773 2133 828 2199 καλ
852 2134 914 2199 οὐκ
938 2134 1093 2200 ἐναντίον

78 2251 126 2331 τῷ
154 2241 354 2328 τεταγμένῳ,
386 2241 525 2326 οὐδεμία
554 2244 644 2307 ἔσται
674 2241 798 2325 ἀνάγκη
829 2243 912 2306 κατά
940 2242 1000 2306 τὸν
1029 2250 1089 2307 τοῦ
1106 2264 1132 2306 ιι

79 2351 240 2434 Πρόκλου
264 2350 366 2430 λόγον
388 2346 503 2413 καὶτὸ
527 2348 726 2431 τεταγμένον
749 2343 850 2426 αὖθις
868 2347 1093 2432 ἀνακάμπτειν

79 2453 135 2519 ἐπὶ
164 2455 202 2518 τὸ
233 2456 388 2536 ἀτακτον,
421 2454 501 2537 ὅπερ
532 2450 613 2519 οὐδὲ
642 2463 688 2542 τῷ
720 2455 875 2518 Πλάτωνι
908 2454 1001 2519 δοκεῖ
1032 2456 1093 2519 τὸν

77 2565 206 2645 κόσμον
235 2562 413 2644 ἀφθάρτου
441 2555 526 2625 εἶναι
552 2561 835 2644 ὑπολαμβάνοντι·
872 2561 913 2624 τά
939 2555 1001 2643 μὲν
1028 2561 1091 2646 γάρ

80 2667 216 2733 ἐναντία
240 2665 272 2743 ἐξ
297 2665 449 2751 ἀλλήλων
471 2670 629 2750 γίνεσθαί
649 2684 753 2751 φησιν
776 2666 793 2731 ὁ
819 2666 961 2730 Πλάτων
985 2665 1021 2731 έν
1044 2673 1090 2753 τῷ

82 2775 233 2838 Φαίδωνι
261 2771 316 2837 καὶ
344 2772 568 2856 ἀνακάμπτειν
595 2775 642 2849 εἰς
665 2775 790 2856 ἀλληλα
817 2773 940 2855 (ὥσπερ
965 2774 1027 2858 γάρ
1051 2773 1088 2837 τὸ
1103 2798 1131 2839 το

78 2882 211 2965 θερμὸν
238 2878 273 2944 έκ
300 2888 360 2942 τοῦ
389 2888 520 2965 ψυχροῦ
548 2882 687 2963 γίνεται,
715 2879 821 2955 οὕτως
849 2873 949 2956 αὖθις
976 2877 1031 2943 καὶ
1055 2877 1090 2943 ἐκ

79 2995 141 3052 τοῦ
173 2994 305 3071 ψυχροῦ
338 2987 375 3050 τὸ
412 2987 542 3069 θερμὸν
577 2984 633 3050 καὶ
670 2983 723 3050 ἐπὶ
758 2985 894 3049 πάντων
930 2983 1091 3051 ἐναντίων

80 3093 252 3174 ὡσαύτως,
275 3092 331 3156 ἵνα
353 3092 398 3175 μή
422 3092 549 3176 χωλεάη
572 3091 592 3174 ή
617 3093 717 3174 φύσις
740 3092 780 3155 τά
802 3089 897 3175 ἕτερα
918 3094 1006 3174 μόνα
1023 3103 1091 3157 τῶν

79 3197 243 3264 ἐναντίων
280 3198 500 3282 φθείρουσα),
537 3196 647 3262 οὐκέτι
685 3196 735 3279 δέ,
773 3198 923 3281 καθάπερ
962 3196 997 3262 ἐκ
1033 3207 1091 3282 τῆς

78 3310 263 3392 στερήσεως
285 3305 322 3368 τὸ
346 3300 436 3380 εἶδος
459 3307 600 3387 γίνεται,
628 3305 714 3369 οὕτω
738 3302 793 3368 καὶ
816 3305 853 3368 τὸ
878 3298 967 3381 εἶδος
990 3299 1132 3382 αὖθιςιι

81 3411 308 3495 ἀνακάμπτειν
332 3409 436 3494 φησὶν
463 3411 593 3487 πάντως
621 3408 674 3475 ἐπὶ
702 3412 763 3493 τήν
790 3409 955 3497 στέρησιν·
992 3419 1091 3475 τοῦτο

81 3520 146 3602 γάρ
175 3518 326 3601 οὐδαμοῦ
354 3516 460 3600 λέγων
484 3516 501 3580 ὁ
526 3518 669 3581 Πλάτων
697 3520 865 3600 φαίνεται,
893 3516 1093 3581 τούναντίον

154 3786 178 3835 3.
199 3767 291 3843 efflas
309 3781 338 3833 M
400 3785 423 3833 7.
443 3797 583 3848 νομισοιεν
602 3779 631 3833 Μ
694 3784 718 3834 8.
739 3781 853 3854 βήαρυςή
868 3779 901 3834 Μ
959 3779 1102 3835 mm.

79 3852 222 3907 Phaedon,
247 3857 274 3904 71
285 3851 310 3905 C,
335 3851 400 3904 723
424 3851 485 3905 m]
567 3857 609 3907 22.
630 3852 747 3911 πάντων
766 3862 824 3911 τῶν
844 3849 987 3909 ὲναντλων
1004 3852 1046 3920 οἱ,

66 3960 108 4007 24.
128 3956 316 4024 wawlw]
328 3956 364 4008 Μ
435 3927 531 4031 κάἀερ
544 3961 578 4017 Μ
644 3971 691 4024 25.
708 3966 844 4043 szffl'xbt.
854 3964 972 4036 οτλδοε
985 3947 1153 4029 wfffiffi
