2394 4208
10 39 840 345 -
959 123 964 139 ι

944 152 951 163 a

467 556 672 612 PRAEFATIO
1012 559 1076 614 XIII

65 733 106 785 τῶ
137 720 182 785 θ’.
229 724 401 801 Simplicius
432 728 535 784 autem
566 725 660 784 nostri
694 725 764 785 libri
800 727 980 788 mentionem
1016 747 1076 787 non

64 814 141 872 facit
166 814 224 873 nisi
252 814 289 873 de
317 813 399 873 caelo
426 813 484 873 13
512 814 694 891 p.135,26
719 815 765 873 ed.
786 813 929 894 Heiberg:
968 813 1075 876 ..ἀπο-

66 900 226 982 δεδειχέναι
252 899 347 980 φησὶν
372 899 406 962 ἒν
432 906 472 986 τῷ
496 898 643 987 ’ἑνδεκάτῳ
670 901 746 989 λόγῳ
773 911 831 963 τῶν
862 901 985 984 ἐλέγχων
1015 913 1074 965 τῶν

64 989 140 1070 πρὸς
172 988 208 1050 τὰ
239 989 388 1071 Πρόκλου.
432 990 615 1066 Philoponua
647 991 710 1067 ipse
743 992 778 1051 de
811 1010 845 1052 eo
877 993 1011 1069 loquitur
1037 994 1074 1053 de

64 1080 138 1156 opis.
161 1079 264 1139 mundi
287 1079 318 1138 11
342 1081 382 1138 16
406 1099 434 1156 p.
451 1081 502 1156 88,
518 1082 557 1138 21
583 1079 627 1138 ed.
647 1081 821 1140 Reichardt:
843 1079 894 1141 καλ
916 1090 1003 1142 τοῦτο
1027 1082 1074 1142 de-

63 1168 201 1247 δείχαμεν
229 1165 264 1228 ἒν
293 1171 333 1252 τῷ
365 1167 470 1252 πρώτῳ
501 1174 560 1227 τῶν
592 1167 635 1239 εἰς
665 1167 701 1228 τὰ
730 1167 870 1250 Πρόκλου
901 1167 1073 1250 γραφέντων

62 1252 145 1334 ἡμῖν.
192 1256 299 1316 Sm‘das
326 1275 348 1316 s.
371 1276 399 1316 v.
422 1249 564 1334 Ἰωάννης
595 1256 705 1316 librum
735 1260 872 1318 nominat
899 1253 988 1318 ‘nord
1014 1267 1073 1319 τῶν

63 1343 214 1406 δεκαοκτὼ
240 1344 411 1425 Προκλείων
438 1341 693 1425 ἐπιχειρημάτων’;
729 1346 807 1406 idem
835 1365 857 1408 s.
881 1367 908 1407 v.
937 1346 1073 1428 Πρόκλος

62 1435 152 1494 dicit:
181 1431 298 1513 ..πρὸς
317 1429 354 1494 ὃν
375 1432 504 1514 ἔγραψεν
519 1427 661 1512 Ἰωάννης
679 1431 695 1494 ὁ
715 1433 884 1513 ἐπικληθεὶς
905 1435 1072 1509 Φιλόιιονος

61 1523 146 1584 πάνυ
174 1521 352 1600 θαυμασίως
382 1519 553 1600 ὑπαντήσας
579 1520 653 1582 κατὰ
684 1530 743 1582 τῶν
772 1520 816 1602 ιη’
843 1520 1072 1605 ἐπιχειρημάτων

62 1611 157 1672 αὐτοῦ
179 1609 230 1671 καὶ
253 1610 350 1684 δείξας
372 1609 463 1672 αὐτὸν
484 1608 541 1671 adv
563 1616 626 1684 τοῖς
643 1606 842 1690 Ἑλληνικοῖς,
864 1606 915 1690 ἐφ’
931 1607 976 1685 οἷς
999 1611 1072 1693 μέγα

60 1698 195 1780 ἐφρόνει,
217 1696 322 1779 ἀμαθῆ
345 1697 395 1760 ιιαλ
416 1696 554 1778 ἀνόητον.

130 1790 209 1848 Ante
236 1788 369 1866 singulos
396 1788 489 1848 libros
515 1790 547 1848 in
574 1791 734 1865 conspectu
760 1789 860 1864 posita
886 1794 956 1848 sunt
983 1809 1070 1868 argu-

62 1881 168 1937 menta
199 1877 338 1954 capitum.
382 1878 456 1937 haec
487 1877 555 1936 inde
588 1895 606 1936 a
638 1878 689 1937 fol.
717 1878 813 1937 183v.
846 1878 949 1938 eadem
980 1897 1070 1937 manu

62 1967 156 2026 etiam
173 1967 302 2042 repetita
319 1969 389 2025 sunt
406 1965 486 2042 apud
504 1966 605 2042 capita
622 1966 688 2042 ipsa
710 1966 742 2024 in
765 1967 899 2044 margine
922 1966 1070 2027 inferiore.

61 2059 237 2131 conspectus
269 2054 338 2114 illos
371 2073 431 2114 non
462 2054 560 2113 minus
591 2055 734 2132 genuinos
766 2054 920 2114 censebam
951 2056 983 2114 in
1014 2057 1070 2115 hoc

62 2163 151 2220 opere
175 2161 265 2220 quam
288 2142 472 2221 singulorum
494 2142 638 2203 librorum
660 2144 923 2220 superscriptiones
945 2147 977 2203 et
1002 2144 1070 2204 sub·

56 2232 248 2310 scriptiones3
271 2234 356 2291 sexto
378 2231 457 2290 enim
479 2251 508 2308 p.
528 2230 595 2291 Chr.
619 2233 737 2292 saeculo
759 2232 959 2309 Philoponum
977 2234 1068 2310 scrip·

56 2322 129 2382 sisse
157 2321 215 2381 hac
241 2319 273 2379 in
301 2339 334 2380 re
363 2338 424 2380 non
451 2322 497 2379 est
524 2320 766 2383 obliviscendum.
812 2321 862 2381 sed
890 2326 1068 2399 argumenta

56 2411 187 2487 repetita
218 2408 341 2470 librario
373 2408 493 2468 cuidam
524 2409 625 2469 deberi
655 2410 807 2488 ridentnr3
843 2428 913 2468 nam
940 2429 1006 2469 cum
1035 2413 1067 2469 in

56 2499 222 2575 posteriore
244 2501 363 2557 tantum
390 2497 500 2558 codicis
526 2501 613 2575 parte
636 2498 839 2576 inveniuntur,
866 2503 930 2558 tum
953 2501 1067 2558 nonin

57 2588 122 2665 ipso
146 2589 232 2646 textu
255 2586 360 2646 sedin
383 2587 517 2665 margine
541 2588 653 2664 scripta
675 2591 754 2663 sunt,
776 2589 856 2647 omni
876 2607 986 2667 genere
1016 2588 1066 2646 ab·

54 2675 276 2736 breviationum
296 2675 415 2735 referta.

120 2939 165 3000 Ut
193 2939 271 2999 bano
301 2940 461 3000 editionem
489 2958 640 3016 pararem,
670 2945 773 3001 auctor
805 2946 869 3000 erat
899 2943 936 3002 H.
965 2943 1062 3021 Diels;

54 3028 158 3089 eodem
181 3033 302 3088 auctore
328 3029 403 3087 mihi
426 3049 461 3088 ex
484 3028 662 3089 Academiae
685 3029 867 3088 Litterarum
888 3031 1063 3091 Borussicae

54 3117 238 3177 bibliotheca
274 3117 423 3194 exemplar
459 3118 598 3178 editionis
634 3118 766 3177 Venetae
803 3120 987 3194 suppetebat.
1021 3152 1062 3160 —

52 3205 162 3266 Varias
185 3205 328 3265 lectiones
351 3206 389 3265 ad
412 3224 513 3266 versus
532 3227 567 3266 ex
585 3207 715 3268 Homero
734 3207 843 3266 allatos
862 3207 897 3266 A.
912 3207 1063 3284 Ludwich‚

54 3295 91 3353 ad
115 3295 232 3353 Timaei
258 3293 357 3354 locum
378 3294 417 3353 M.
437 3294 550 3355 Schanz
579 3296 706 3374 benigne
728 3314 843 3354 mecum
866 3297 1063 3355 communica·

53 3388 169 3443 verunt.
189 3415 231 3424 -
250 3382 298 3441 W.
312 3382 398 3442 Kroll
417 3402 483 3443 cum
501 3384 533 3442 in
552 3384 726 3462 corrigenda
743 3384 932 3462 plagulamm
951 3384 1062 3444 maiore

52 3475 138 3549 parte
167 3471 294 3532 comiter
319 3492 365 3531 me
393 3471 562 3550 adiuvaret,
594 3473 768 3549 typothetae
796 3473 912 3531 librarii
941 3473 1062 3532 editoris

52 3579 167 3622 errores
192 3560 327 3621 correxit.
