2394 4208
67 551 145 625 xm]
339 553 665 610 οωεωτωαυειεω
683 554 806 611 mm
1011 554 1077 620 479

67 718 97 781 εί
130 715 211 782 αὐτὸ
243 713 306 801 μὲν
337 719 403 802 ἔχει
435 715 568 802 γένεσιν
596 717 652 783 καί
682 718 829 804 φθοράν,
861 720 901 784 τά
931 715 968 784 δὲ
995 716 1077 804 μέρη

65 823 265 889 τούναντίον
292 822 436 908 ἀγένητα
463 831 512 908 είη
540 823 596 890 καί
623 825 790 911 ἀφθαρτα.
835 829 943 891 καίτοι
965 847 1004 908 γε
1027 825 1078 890 ὅτι

66 930 104 994 τὸ
133 930 215 996 ὅλον
241 942 309 996 τῶν
335 941 447 1016 μερῶν
472 941 634 1015 κρεῖττον,
662 931 762 1009 αὐτός
789 931 881 997 ἐστιν
908 931 926 998 δ
956 930 1078 1017 λέγων·

66 1037 108 1102 οὐ
131 1038 194 1123 γάρ
218 1039 255 1102 τὸ
280 1036 362 1102 ὅλον
384 1037 480 1104 ἕνεκα
504 1034 590 1103 εἶναι
613 1048 681 1102 τῶν
702 1049 814 1124 μερῶν
836 1038 920 1104 ἀλλὰ
937 1040 978 1104 τὰ
995 1037 1077 1124 μέρη

64 1152 127 1208 τοῦ
155 1143 251 1209 ὅλου·
287 1145 324 1209 τὸ
353 1141 391 1209 δὲ
419 1139 460 1209 οὗ
488 1143 585 1209 ἕνεκα
611 1154 680 1209 τῶν
706 1143 803 1209 ἕνεκά
829 1168 890 1210 του
913 1154 1077 1230 κρεῖττον·
1105 1169 1118 1211 ε

64 1252 106 1314 τά
135 1247 171 1315 δὲ
200 1261 346 1336 στοιχεῖα
372 1249 454 1338 μέρη
483 1259 544 1316 τοῦ
568 1249 601 1328 ἐξ
625 1251 748 1315 αὐτῶν·
784 1251 868 1316 ὥστε
890 1251 928 1316 τὸ
952 1249 1079 1316 ἐκτῶν

65 1361 239 1441 στοιχείων
266 1368 334 1422 τῶν
361 1355 482 1423 ἑαυτοῦ
511 1361 684 1442 στοιχείων
709 1367 874 1443 κρεῖσσον.
920 1357 950 1422 εί
973 1351 1076 1422 οὐνὸ

64 1463 210 1549 οὐρανὸς
238 1462 274 1529 ἐκ
302 1469 474 1549 στοιχείων
496 1462 588 1530 ἐστίν
610 1463 781 1548 ἀγενήτων
802 1461 857 1528 καὶ
880 1462 1077 1550 ἀφθάρτων,

63 1568 121 1635 καί
145 1571 244 1648 αὐτὸς
266 1569 425 1655 ἀγένητος
448 1570 539 1636 ἐστιν
561 1569 617 1635 καί
635 1571 821 1656 ἀφθαρτος,
839 1568 894 1635 καί
914 1569 1077 1635 δέδεικται

63 1675 119 1742 καί
143 1687 242 1743 τοῦτο
266 1677 330 1742 ἀπὸ
354 1688 422 1742 τῶν
445 1682 672 1743 Πλατωνικῶν
695 1676 836 1763 ἀρχῶν.”
1090 1704 1117 1744 ιο

110 1874 284 1957 Κεφάλαια
306 1882 364 1957 τῆς
386 1874 512 1951 λύσεως
534 1882 595 1939 τοῦ
617 1873 890 1960 τρισκαιδεκάτου
919 1874 1031 1954 λόγου.

132 1996 176 2061 α’.
205 1996 260 2075 Ὡς
283 1996 320 2063 έν
341 2001 521 2087 προοιμίφ,
540 1997 591 2063 ὅτι
609 1996 665 2063 καί
683 1995 791 2085 ἑαυτῷ
809 1996 829 2063 ὁ
849 1999 1002 2083 Πρόκλος
1019 1994 1075 2061 καὶ

65 2105 223 2169 Πλάτωνι
264 2104 525 2188 ἀντιφθέγγεται
562 2103 675 2191 ἑτέρας
711 2104 829 2182 οὐσίας
865 2099 951 2168 εἶναι
987 2104 1076 2188 παρὰ

62 2212 104 2274 τὰ
130 2210 273 2297 τέσσαρα
299 2221 445 2296 στοιχεῖα
472 2212 533 2277 τὸν
558 2211 707 2298 οὐρανὸν
729 2217 863 2277 οἴεσθαι
886 2208 993 2294 λέγων
1015 2210 1075 2274 τὸν

62 2318 237 2383 Πλάτωνα
1089 2341 1115 2382 ιε

129 2424 175 2509 β’.
199 2423 269 2491 Ὅτι
292 2427 337 2503 ὡς
360 2430 445 2513 ζῷον
467 2427 529 2510 τὴν
546 2426 657 2513 κύκλφ
676 2429 809 2509 κίνησιν
826 2430 995 2490 κινεῖσθαι
1013 2423 1074 2487 τὸν

63 2532 211 2618 οὐρανὸν
240 2532 258 2598 δ
291 2534 434 2598 Πλάτων
462 2533 618 2616 βούλεται
643 2533 647 2617 λ
674 2532 735 2617 οὐχ
764 2531 830 2597 ὑπὸ
862 2531 995 2614 φύσεως
1012 2545 1121 2587 tonsu

62 2637 133 2703 ἀλλ’
151 2640 218 2704 ὑπὸ
242 2650 349 2724 ψυχῆς
372 2640 461 2727 αὐτῷ
483 2640 605 2723 ταύτης
626 2649 684 2724 τῆς
706 2642 866 2723 κινήσεως
888 2634 1073 2721 γινομένης.

61 2745 117 2813 καί
146 2747 196 2812 ὅτι
225 2744 279 2811 έπί
308 2747 442 2811 πάντων
469 2756 537 2810 τῶν
563 2743 656 2833 ζῴων
682 2745 703 2829 ἡ
730 2745 796 2810 ὑπὸ
824 2754 932 2829 ψυχῆς
959 2743 1073 2821 αὐτοῖς

62 2855 108 2930 ὡς
131 2851 227 2941 ζῴοις
249 2851 446 2936 ένδιδομένη
469 2856 599 2936 κίνησις
622 2851 662 2916 οὐ
685 2852 902 2935 κατὰφύσιν.
948 2848 1002 2915 καί
1021 2850 1113 2943 ότιμο

63 2961 140 3024 οὐτε
170 2959 190 3043 ἡ
220 2968 281 3024 τοῦ
312 2961 475 3044 σχήματος
501 2969 570 3023 τῶν
596 2956 689 3045 ζῴων
716 2959 920 3043 διαφορότης
946 2957 1024 3022 οὐτε
1050 2957 1071 3040 ἡ

61 3076 121 3150 τῆς
138 3068 299 3150 κινήσεως
318 3065 353 3130 ἐκ
372 3067 547 3152 διαφόρων
564 3064 620 3129 καί
639 3065 701 3129 οὐκ
720 3064 837 3129 ἐκτῶν
855 3063 966 3129 αὐτῶν
984 3081 1072 3129 στοι-

62 3177 162 3258 χείων
204 3179 402 3256 συγκεῖσθαι
443 3174 484 3237 τά
525 3172 659 3256 σώματα
695 3170 806 3236 αὐτῶν
842 3169 953 3254 λέγειν
988 3170 1073 3254 ἡμᾶς

60 3280 243 3364 ἀναγκάζει.

128 3384 171 3470 γ’.
196 3384 266 3450 Ὅτι
298 3384 330 3463 ἐξ
361 3385 482 3469 αὐτῶν,
512 3379 561 3451 ὧν
591 3386 779 3469 συμφώνως
809 3394 848 3470 τῇ
877 3386 978 3467 φύσει
1005 3393 1072 3448 τῶν
1086 3407 1112 3450 ει

60 3494 263 3578 πραγμάτων
286 3493 519 3578 συνεχώρησεν
542 3491 560 3557 δ
583 3494 753 3578 Πρόκλος,
781 3492 921 3575 οὐδεμία
944 3490 1070 3573 ἀνάγκη

59 3602 121 3665 τὸν
144 3599 291 3685 οὐρανὸν
314 3596 362 3664 ἐπ’
386 3599 522 3675 εὐθείας
544 3604 727 3681 κινεῖσθαι,
746 3596 810 3662 κάν
833 3596 869 3662 ἐκ
890 3597 997 3683 πυρὸς
1020 3602 1070 3679 είη

57 3709 217 3771 πλείστου
241 3707 322 3770 κατὰ
347 3706 525 3788 Πλάτωνα,
554 3703 624 3770 ἀλλ’
653 3711 717 3769 είτε
740 3705 806 3770 ὑπὸ
830 3715 937 3789 ψυχῆς
960 3704 1069 3791 κύκλῳ

123 3938 144 3983 ¹·
163 3929 250 4003 stov]
265 3951 334 4003 7⁶⁹⁷]
352 3934 384 3988 M
459 3940 495 3993 28
506 3954 550 4008 sq.
571 3957 615 4004 τις
637 3920 678 3995 αὐ
697 3930 879 3994 κυκλωιῖὣ
