2394 4208
72 132 171 201 ww]
351 131 396 182 DE
416 131 563 182 ΑΕΤΜΝΙί
566 132 623 182 I'H
627 130 810 183 'IEMVNDI
1011 132 1073 192 9-ss

72 303 131 378 τῆς
172 296 294 370 οἰκείας
335 295 415 357 αὐτὸ
457 299 632 377 μεθίστησι
670 296 803 377 φύσεως
838 292 892 358 καί
930 291 1076 377 ὁμοφυίς

74 399 189 488 ἐκείνῳ
216 409 319 479 ποιελ,
347 397 405 483 ἀφ’
433 394 473 464 οὐ
500 398 521 482 ή
548 402 684 483 τοιαύτη
713 399 802 488 αὐτῷ
825 398 953 484 πέφυκε
976 400 1076 464 δύνα-

72 526 141 590 μις·
164 503 235 571 ἐπεὶ
257 503 312 570 καί
335 505 353 571 ὁ
375 502 459 591 ὐπίρ
482 506 540 582 τὰς
561 508 713 591 κορυφὰς
734 496 801 570 τῶν
824 506 914 592 ὀρῶν
931 506 1077 570 διατετα-

74 611 173 696 μένος
195 613 298 697 αἰθήρ
321 619 367 699 τῳ
392 611 538 700 οὐρανίῳ
561 614 852 697 συγκυκλούμενος
874 613 998 697 σώματι
1021 611 1077 678 καί

73 714 157 804 ὑπὲρ
184 720 245 802 τήν
273 719 399 782 οἰκείαν
426 718 532 801 φύσιν
558 719 619 801 τήν
646 721 779 801 κίνησιν
809 721 933 802 ταύτην
964 721 1077 784 κινού·
1104 739 1116 781 ε

73 847 185 908 μενος,
214 824 258 901 ὡς
281 822 497 909 ’Λριστοτέλει
525 824 630 907 δοκεῖ,
658 820 759 889 οὐδὲν
780 819 880 907 ήττον
902 823 957 890 καί
980 820 1078 904 οὗτος

73 941 140 996 τῶν
167 929 476 1015 εὐθυφορουμένων
504 928 594 995 ἐστὶν
623 931 783 1015 σωμάτων
812 928 891 995 οὐδὲ
919 956 1077 1019 χαρακτη-

74 1038 226 1122 ριστικήν
248 1035 315 1115 ἔξει
337 1047 395 1121 της
418 1039 541 1113 οἰκείας
563 1037 680 1113 οὐσίας
701 1037 763 1119 τήν
784 1040 927 1123 κίνησιν,
954 1041 999 1116 ὡς
1021 1040 1078 1105 διὰ

74 1153 172 1209 τοῦτο
200 1141 256 1208 καί
283 1143 387 1208 αὐτὸν
414 1144 549 1228 ὁμοειδῆ
577 1151 622 1231 τῷ
653 1143 798 1231 οὐρανίῳ
832 1146 956 1228 σάματι
988 1145 1077 1229 λίγε-

76 1256 166 1315 σθαι.
216 1247 285 1313 ἀλλ’
319 1246 399 1314 οὐδὲ
429 1251 487 1327 τὰς
519 1248 747 1326 ἐνθουσιάσας
777 1259 845 1313 τῶν
875 1261 992 1336 ψυχῶν
1022 1250 1077 1317 καί
1092 1274 1118 1314 ιο

76 1353 158 1441 ὑπὲρ
181 1357 242 1439 τήν
265 1357 393 1421 οἰκείαν
416 1357 522 1440 φύσιν
544 1357 774 1438 γινωσκούσας
796 1356 847 1420 ’τά
868 1354 896 1420 τ’
919 1356 1017 1422 ἐόντα
1038 1360 1078 1423 τά

75 1486 108 1527 τε
137 1461 278 1547 ἐσόμενα
304 1465 369 1549 πρό
396 1461 426 1527 τ’
448 1462 555 1528 ἐόντά
578 1461 690 1549 ἑτέρας
717 1461 759 1526 ἂν
786 1469 935 1547 είποιμεν
962 1463 1079 1540 οὐσίας

75 1570 163 1655 παρὰ
185 1569 243 1645 τὰς
266 1569 271 1652 Ι
296 1570 413 1646 λοιπὰς
436 1570 492 1634 διὰ
514 1569 575 1652 τήν
597 1572 725 1634 θεόθεν
748 1569 863 1646 αὐταῖς
885 1568 1014 1652 ἐπιφοι-
1028 1583 1130 1626 tow*-

75 1678 223 1759 τήσασαν
245 1676 398 1760 δύναμιν.
443 1677 506 1759 ήδη
530 1673 567 1740 δί
589 1679 648 1740 καί
667 1699 755 1753 τινες
777 1686 845 1753 τῶν
867 1673 945 1760 παρ’
962 1673 1078 1759 Ἕλλη-

76 1798 130 1847 σιν
158 1782 204 1858 ὡς
230 1781 325 1847 αὐτοί
349 1793 449 1865 φαῖεν
472 1780 514 1846 δν
535 1785 766 1868 θεοφορήτων,
790 1781 853 1866 ἐγὼ
877 1778 914 1846 δὲ
938 1786 1078 1866 φήσαιμι
1094 1803 1119 1844 ιε

76 1885 118 1953 ὐν
144 1890 294 1972 κατόχων
320 1889 476 1971 δαίμοσιν
502 1898 661 1973 πονηροῖς
688 1887 820 1972 ξίφεσιν
847 1889 892 1965 ὡς
914 1890 1014 1970 λόγος
1040 1889 1080 1952 τὰ

76 1996 182 2060 οἰκεῖα
218 1992 449 2078 διατέμνοντες
485 1995 618 2078 σώματα
653 1993 708 2059 καί
745 1995 801 2059 διὰ
831 1995 938 2079 πυρὸς
974 1995 1081 2070 ἰόντες

77 2097 178 2166 οὐδὲν
200 2095 247 2166 ὧν
269 2098 419 2183 πέφυκεν
441 2101 579 2185 πάσχειν
600 2101 665 2166 ὑπὸ
689 2103 795 2185 πυρός
812 2123 847 2164 τε
864 2098 919 2165 καί
938 2101 1080 2184 σιδήρου

76 2209 115 2272 τὰ
147 2207 295 2290 σώματα,
327 2208 372 2283 ὥς
403 2223 522 2290 φασιν,
549 2205 789 2291 ὑπομένουσιν·
821 2205 875 2272 καί
903 2205 943 2271 οὐ
972 2207 1079 2291 δήπου

78 2313 133 2378 διά
159 2321 259 2378 τοῦτο
288 2311 400 2397 ἑτέρας
427 2311 469 2377 δν
496 2317 639 2397 φήσαιεν
660 2312 716 2378 καί
739 2313 780 2378 οὐ
803 2323 861 2397 της
882 2323 950 2377 τῶν
973 2314 1080 2397 σωμά-
1094 2334 1120 2374 ιο

78 2441 144 2483 των
167 2415 252 2484 εἰναι
276 2419 360 2483 αὐτὰ
382 2420 515 2501 φάσεως
536 2417 556 2501 ή
575 2419 612 2483 τὸ
632 2416 759 2496 ἀπαθὲς
776 2419 889 2496 αὐτοῖς
908 2419 964 2484 διδ
981 2429 1079 2484 τοῦτο

77 2535 250 2610 προσεῖναι
269 2523 325 2589 καί
344 2526 529 2611 ἄφθαρτον.
567 2526 654 2590 οὕτω
673 2526 714 2608 δή
738 2521 802 2590 οὖν
823 2524 878 2589 καί
902 2526 931 2589 εἰ
953 2525 990 2589 τὸ
1013 2534 1080 2590 πᾶν

77 2631 153 2696 τόδε
176 2633 212 2695 ἔκ
234 2654 325 2707 τινος
347 2629 528 2716 ὑπερτέρας
551 2632 721 2716 δυνάμεως
740 2631 981 2716 ε’πιχορηγεῖται
999 2634 1081 2696 κατὰ

80 2737 243 2800 Πλάτωνα
270 2736 307 2800 τὸ
335 2736 526 2820 ἀδιάλυτον,
554 2736 615 2801 οὐκ
642 2738 705 2820 ήδη
734 2737 790 2801 διά
816 2745 914 2801 τοῦτο
941 2735 997 2802 καί
1023 2749 1081 2823 της

77 2852 145 2906 τῶν
172 2841 357 2927 ἀφθάρτων
383 2865 418 2906 τε
445 2841 500 2907 καί
524 2841 574 2907 άεί
598 2844 705 2908 όντων
728 2844 860 2926 φύσεως
882 2845 972 2907 ἔσται
996 2842 1081 2926 ἀλλ’,
1094 2864 1121 2906 ει

78 2946 148 3013 ἐπεὶ
176 2949 275 3032 φύσει
304 2951 460 3034 φθαρτόν
487 2948 591 3033 ἐστιν,
620 2947 675 3014 καί
705 2950 845 3033 γενητὸν
875 2947 908 3027 ἐξ
938 2949 1081 3033 ἀνάγκης

78 3057 178 3119 ἔσται.
223 3055 305 3140 άπερ
335 3052 371 3120 δί
403 3054 439 3120 ἐν
468 3064 514 3142 τῷ
542 3057 796 3143 τρισκαιδεκάτῳ
824 3060 992 3144 κεφαλαίῳ
1020 3065 1081 3121 τοῦ

78 3159 254 3246 εἰρημένου
282 3163 385 3245 λόγου
413 3167 549 3245 τίθησιν
577 3161 594 3227 ό
619 3164 772 3246 Πρόκλος
799 3163 883 3248 πρὸς
903 3162 1081 3248 Ἀριστοτέ-

150 3358 174 3406 2
194 3350 301 3424 ἐκείνῳ]
290 3353 411 3423 ]εκεινο
430 3353 459 3406 Μ
517 3360 541 3407 7.
557 3358 581 3408 8
614 3373 703 3420 αρακτ
722 3353 880 3426 ριίστιήκην
894 3369 929 3408 ex
942 3375 989 3425 κη
1000 3355 1032 3407 Μ

79 3428 121 3477 10.
141 3426 256 3478 ενθονσι
270 3408 356 3490 molae
371 3424 403 3476 M
455 3430 497 3480 12.
512 3422 538 3481 τ’
530 3374 648 3498 ’ἐσσύμε
649 3446 686 3484 να
728 3443 786 3484 om.
797 3431 863 3483 Am
923 3431 973 3482 m
978 3432 1029 3480 u
1041 3441 1104 3478 επι-

72 3507 216 3557 φΜΙΜ
160 3507 200 3542 w
195 3427 285 3543 ᾱνύἷ
352 3500 392 3549 22.
412 3498 491 3572 [και]
509 3502 589 3574 (ante
610 3501 647 3574 εἰ)
665 3501 698 3560 Μ
774 3508 821 3560 23.
843 3492 1128 3575 επιηωοηηιιταιδδ

107 3583 357 3632 ῙΗΠΜΡΜΜ
339 3597 439 3639 ’.στοά
455 3599 548 3648 flabo.
927 3595 969 3648 &Q
