2394 4208
40 39 952 346 -‘⁸

74 563 161 635 Νι]
353 558 818 616 οιιιυωιιιιιιτευουτιωι
1049 563 1092 627 63

77 726 183 809 οὔσης
209 723 265 790 καὶ
294 724 335 790 ού
357 727 525 808 κινήσεως.
572 724 634 789 οὐκ
662 726 726 809 άρα
753 725 773 808 ἡ
801 733 862 789 τοῦ
890 735 1000 789 ποιεῖν
1027 723 1093 802 ἕξις

78 833 161 896 ἄνευ
186 840 245 915 τῆς
273 830 440 917 ἐνεργείας
466 834 597 915 κίνησίς
625 829 724 896 ἐστιν.
770 829 840 896 ἀλλ’
864 827 945 896 οὐδὲ
972 829 1093 915 μεταξὺ

78 946 141 1003 τοῦ
169 946 282 1003 ποιεῖν
310 960 345 1002 τε
374 934 430 1003 καί
456 939 500 1022 μὴ
528 947 639 1002 ποιεῖν
667 938 814 1002 δυνατόν
841 936 932 1002 ἐστιν
959 941 1094 1021 κίνησίν

78 1068 156 1110 τινα
180 1044 324 1109 ἐννοεῖν·
347 1046 488 1130 άχρονος
511 1045 573 1128 γάρ
597 1043 617 1127 ἡ
641 1043 677 1109 ἐκ
699 1054 758 1128 τῆς
776 1042 872 1121 ἕξεως
891 1047 1017 1127 γίνεται
1036 1054 1094 1128 τῆς

52 1151 248 1236 Δ’ἐνεργείας
279 1154 497 1236 προχείρισις·
534 1149 572 1215 ἐν
604 1151 666 1234 γάρ
698 1158 745 1237 τῷ
777 1150 868 1238 αὐτῷ
899 1150 1001 1234 πέρας
1032 1149 1094 1234 μέν
1121 1177 1133 1216 ι

80 1257 174 1322 ἐστιν
196 1266 257 1321 τοῦ
279 1258 323 1341 μὴ
347 1267 467 1341 ποιεῖν,
490 1256 573 1342 ἀρχὴ
597 1252 634 1321 δὲ
653 1266 713 1322 τοῦ
732 1267 855 1322 ποιεῖν·
878 1254 955 1322 καθ’
974 1257 1012 1321 ἓν
1030 1259 1093 1341 γὰρ

80 1362 136 1429 καὶ
159 1364 198 1429 τὸ
223 1363 304 1428 αὐτὸ
328 1372 393 1428 νῦν
414 1372 475 1428 τοῦ
496 1365 540 1447 μὴ
560 1363 704 1449 γράφειν
723 1364 751 1429 εί
770 1365 864 1449 τύχοι
882 1363 1094 1448 παυσάμενος

78 1469 222 1555 μετίβην
253 1468 307 1535 ἐπὶ
339 1471 376 1534 τὸ
409 1470 567 1555 γράφειν,
599 1467 654 1535 καὶ
685 1467 737 1534 ἐπὶ
767 1470 902 1534 πάντων
928 1471 1093 1547 ὡσαύτως.

80 1575 194 1654 οὐδεὶς
217 1577 281 1659 ἄρα
304 1578 425 1662 χρόνος
448 1574 538 1641 ἐστὶν
560 1573 682 1659 μεταξὺ
705 1584 765 1640 τοῦ
788 1578 831 1658 μὴ
854 1587 964 1641 ποιεῖν
985 1574 1094 1641 τεκαὶ

79 1694 191 1750 ποιεῖν
214 1680 269 1748 καὶ
293 1682 379 1760 ὅλως
404 1683 510 1766 πάσης
538 1680 635 1759 ἕξεως
663 1680 718 1747 καὶ
745 1691 803 1765 τῆς
831 1681 894 1746 άπὸ
918 1693 975 1767 τῆς
998 1680 1094 1759 ἕξεως
1108 1709 1134 1748 ιο

82 1789 262 1872 ἐνεργείας·
287 1790 316 1855 εί
339 1789 402 1875 γάρ
424 1812 475 1866 τις
494 1795 544 1873 είη
564 1791 685 1875 χρόνος
702 1786 824 1872 μεταξὺ
842 1796 903 1852 τοῦ
921 1790 965 1872 μὴ
984 1799 1095 1853 ποιεῖν

83 1918 118 1959 τε
142 1893 197 1960 καὶ
218 1905 329 1961 ποιεῖν
351 1894 406 1961 καὶ
431 1898 582 1961 καθόλου
605 1893 721 1983 πάλσης
744 1894 967 1979 ἀντιφάσεως,
995 1892 1032 1958 ἐν
1048 1910 1146 1952 τοίων.

84 2002 190 2089 τούτῳ
214 2002 291 2066 ούτε
314 2001 355 2068 ού
377 2005 509 2087 ποιησει
533 1999 709 2088 (πέπαυται
733 2003 797 2087 γάρ
819 2009 880 2066 τοῦ
902 2002 946 2085 μὴ
969 1997 1094 2086 ποιεῖν)

83 2110 160 2174 οὔτε
187 2111 319 2193 ποιησει
349 2106 457 2195 (ούπω
487 2110 550 2195 γάρ
579 2116 639 2173 τοῦ
666 2118 777 2173 ποιεῖν
802 2105 951 2192 ἤρξατο)·
984 2106 1022 2171 ἐν
1047 2113 1094 2192 τῷ

83 2215 172 2302 αύτῷ
196 2216 260 2301 ἄρα
282 2217 391 2302 χρόνῳ
415 2215 492 2279 ούτε
514 2219 646 2299 ποιησει
669 2215 746 2279 οὔτε
775 2214 815 2279 ού
838 2217 983 2298 ποιήσει·
1012 2212 1093 2298 ὅπερ
1108 2238 1134 2279 ιι

84 2319 175 2386 ἐστὶν
205 2321 385 2386 ἀδύνατον·
418 2322 664 2405 συναληθεύσει
691 2323 754 2406 γάρ
784 2321 805 2404 ἡ
834 2320 1019 2405 ἀντίφασις.
1064 2319 1094 2384 εί

84 2425 120 2492 δὲ
142 2426 260 2511 μηδεὶς
287 2430 407 2514 χρόνος
434 2426 525 2493 ἐστὶν
553 2426 674 2512 μεταξύ
699 2436 759 2492 τοῦ
782 2429 826 2511 μὴ
849 2437 960 2492 ποιεῖν
982 2448 1017 2490 τε
1039 2423 1096 2490 καὶ

84 2544 194 2600 ποιεῖν
222 2530 277 2598 καί
306 2532 390 2610 ὅλως
417 2543 475 2617 τῆς
497 2529 594 2609 ἕξεως
616 2530 671 2597 καὶ
695 2542 752 2616 της
774 2530 852 2615 <ἐκ>
877 2533 996 2615 ταύτης
1014 2552 1095 2617 προ-

87 2643 202 2725 ιούσης
226 2638 406 2724 ἐνεργείας,
434 2637 504 2703 ἐπεὶ
527 2635 610 2723 μηδὲ
633 2638 786 2717 διάθεσίς
808 2663 858 2716 τις
886 2637 979 2722 ἑτέρα
1004 2636 1096 2703 ἐστὶν

85 2745 220 2830 μεταξύ,
249 2743 329 2811 ούδδ
351 2749 481 2829 κίνησις
503 2746 568 2831 άρα
591 2744 731 2830 οὐδεμία
758 2748 849 2810 ἔσται
874 2743 995 2829 μεταξὺ
1018 2741 1091 2809 οὐδ’
1109 2771 1137 2812 ιο

87 2853 170 2930 ὅλως
193 2854 372 2936 μεταβολή·
394 2861 483 2916 πᾶσα
506 2853 569 2935 γὰρ
592 2852 756 2935 μεταβολὴ
781 2850 818 2916 ἐν
840 2854 960 2939 χρόνῳ,
984 2849 1096 2928 οὐδεὶς

87 2956 121 3025 δέ
140 2962 262 3044 χρόνος
279 2956 400 3042 μεταξὺ
419 2957 594 3040 δέδεικται,
613 2959 696 3023 ὅστε
715 2954 794 3023 ούδέ
813 2960 986 3042 μεταβολή.
1018 2959 1095 3023 οὔτε

89 3067 150 3150 ἄρα
172 3066 238 3152 πρὸ
262 3073 323 3129 τοῦ
345 3074 455 3129 ποιεῖν
478 3060 558 3129 ούδὲ
580 3061 700 3148 μεταξὺ
719 3072 779 3128 τοῦ
797 3074 908 3129 ποιεῖν
925 3087 959 3128 τε
977 3063 1032 3130 καὶ
1050 3065 1094 3149 μὴ

88 3182 196 3237 ποιεῖν
220 3168 385 3255 ἐνδέχεται
405 3176 574 3235 κινεῖσθαι
594 3171 631 3234 τὸ
650 3171 814 3257 πρότερον
832 3166 894 3254 μὲν
911 3172 955 3255 μὴ
973 3180 1096 3237 ποιοῦν

87 3278 228 3362 ὕστερον
250 3272 288 3342 δέ
308 3275 503 3341 ποιοῦνταί
522 3276 607 3353 ὅλως
625 3277 662 3340 τὸ
682 3276 718 3341 ἐκ
736 3285 793 3360 τῆς
812 3273 908 3353 ἕξεως
926 3278 987 3359 τὴν
1005 3274 1095 3359 ἐνέρ-
1110 3301 1136 3342 ιι

89 3408 181 3465 γειαν
216 3384 514 3469 προχειριζόμενον.
569 3386 713 3448 λείπεται
751 3386 868 3448 τοίνυν
900 3383 1004 3465 αὐτὴν
1035 3382 1097 3464 τὴν

89 3494 223 3574 ποίησιν
246 3484 332 3554 εἶναι
354 3493 496 3573 κίνησιν.
538 3490 567 3553 εί
591 3485 628 3554 δέ
650 3497 760 3571 τοῦτο,
784 3486 834 3553 ιἰεὶ
858 3484 896 3553 δέ
914 3497 1003 3553 ποιεῖ
1021 3485 1090 3551 κατ’

158 3724 182 3772 ὅ.
202 3734 378 3789 προχειρησις
390 3717 420 3770 Μ
491 3719 529 3788 τῷ
548 3717 622 3788 αύτῷ
641 3717 684 3841 pt)
703 3735 734 3770 το
749 3735 817 3770 amo
831 3716 861 3770 M
880 3714 936 3785 (vix
954 3713 984 3769 ἓν
997 3714 1050 3786 γάρ
1064 3716 1095 3769 τὸ

92 3789 166 3859 αὐτὸ)
239 3795 281 3842 16.
301 3791 480 3843 αδυνανατον
498 3787 528 3840 Μ
600 3792 641 3840 18.
675 3787 775 3844 κυδδ.
796 3786 860 3846 coll.
895 3793 1111 3864 amam.

159 3865 200 3914 18.
220 3864 259 3913 19.
279 3869 421 3924 προὶῖνσις
435 3859 470 3912 Μ
528 3864 570 3914 19.
590 3860 760 3940 διαθεσιλςλ,
780 3881 816 3922 ex
836 3807 915 3938 ωὸἱ
985 3869 1036 3920 Ὣ.
1052 3861 1127 3918 ἰωὰ.

88 3929 154 3992 (τίς)
171 3924 307 3978 δέδεικται
323 3927 360 3978 Μ
