2394 4208
92 573 131 629 vl
145 575 191 648 ιι]
357 574 406 630 DE
425 572 683 629 ΑΕΤΕΒΝΙΤΑΤΕ
702 572 824 629 MVNDI
1038 575 1103 641 165

94 736 228 823 τημένα,
253 734 324 802 ἀλλ’
351 738 372 821 ἥ
396 760 433 821 γε
457 737 655 802 διδασκαλία
678 736 865 821 ἀναγκαίως
888 739 1024 823 διαιρεῖ,
1047 739 1104 804 ἵνα

94 844 236 935 διδάσκη
269 842 413 929 ἀκριβῶς
444 844 481 908 τὸ
515 844 729 927 γιγνόμενον·
766 845 915 928 σώματος
945 840 1007 929 μὲν
1039 846 1103 930 γάρ

93 948 190 1036 άρχαλ
217 950 299 1027 θεὸς
326 946 388 1034 μὲν
416 959 560 1034 γεννῶν,
586 949 650 1033 ὕλη
679 945 717 1015 δέ
743 948 798 1014 καὶ
825 952 866 1015 τά
893 953 1055 1036 σχήματα,
1082 949 1104 1016 δ

92 1057 222 1142 προϊὼν
239 1057 324 1142 ἡμᾶς
343 1054 480 1140 διδάξει,
498 1057 543 1134 ὡς
561 1054 595 1134 ἐξ
614 1051 663 1123 ὧν
685 1055 887 1142 συνέστηκεν
908 1058 948 1122 τά
970 1058 1105 1143 σώματα

92 1162 327 1248 γεννηθέντων
350 1162 414 1229 άιτὸ
436 1170 534 1248 θεοῦ,
557 1165 683 1249 κόσμου
707 1161 744 1231 δὲ
766 1166 806 1229 τά
828 1164 892 1249 ἤδη
914 1164 1105 1231 ὑποστάντα
1129 1190 1144 1232 ε

94 1273 229 1356 σώματα
250 1270 317 1336 ὑπὸ
339 1277 426 1336 θεοῦ
449 1268 504 1336 καὶ
522 1271 604 1348 θεὸς
622 1270 640 1336 ό
659 1279 762 1336 ταῦτα
781 1271 936 1337 τάσσων’·
958 1267 1014 1336 καὶ
1031 1268 1099 1355 μετ’

95 1378 192 1463 ὀλίγα
224 1377 415 1463 <τεκμήριον
446 1375 483 1444 δὲ
514 1387 575 1443 τοῦ
607 1401 641 1443 τε
673 1379 717 1463 μὴ
748 1378 872 1443 ταύτὸν
905 1373 991 1444 εἶναι
1022 1378 1106 1443 κατά

95 1485 260 1550 Πλάτωνα
288 1486 438 1569 σώματος
465 1485 625 1551 σύστασιν
651 1483 707 1549 καλ
734 1487 860 1569 κόσμου
887 1483 942 1549 καλ
966 1483 1017 1549 ὅτι
1040 1493 1106 1548 νῦν

95 1593 139 1677 μὴ
162 1593 225 1676 τὴν
246 1592 333 1677 ὕλην
354 1593 604 1676 παραλαμβάνει
628 1590 711 1656 ἀλλὰ
732 1592 773 1655 τά
796 1589 829 1668 ἐξ
851 1591 935 1674 ὕλης
952 1590 1105 1656 άτιοτελε-

43 1726 47 1731 ·
95 1694 223 1763 σθέντα
246 1699 379 1782 σώματα
402 1696 510 1762 έκεῖνο
533 1695 681 1780 γινέσθω
704 1696 741 1761 τὸ
765 1695 868 1782 ὁρατὰ
891 1694 1001 1781 λέγειν
1019 1693 1105 1763 εἶναι
1119 1724 1146 1765 ιο

93 1805 134 1869 τὰ
160 1802 425 1889 παραληφθέντα
453 1800 507 1889 (τὰ
535 1799 572 1868 δὲ
596 1802 698 1889 ὁρατά
720 1805 756 1867 τί
775 1801 818 1868 ἂν
841 1808 890 1885 εἴη
913 1802 934 1887 ἣ
959 1805 1105 1888 σώματος

94 1910 115 1994 ἡ
145 1907 182 1975 δὲ
212 1910 275 1995 ὕλη
307 1909 420 1994 άειδὴς
447 1908 677 1996 καλλίμορφος
703 1906 772 1974 κατ’
800 1908 904 1974 αὐτὸν
931 1907 986 1974 καλ
1009 1910 1107 1993 μόγις

96 2019 190 2105 νόθῳ
220 2020 369 2104 λογισμῷ
396 2013 644 2102 λαμβανομένη)
671 2013 726 2080 καλ
749 2016 786 2080 τὸ
809 2016 1021 2103 προελθόντα
1044 2033 1107 2082 σω-

96 2124 212 2207 μάτων
234 2120 368 2207 γένεσιν
391 2122 563 2187 δεικνύναι
586 2125 694 2186 καίτοι
719 2121 867 2188 ἐνταῦθα
887 2124 1015 2207 κόσμου
1038 2120 1107 2187 έκι·

96 2228 250 2307 δείξαντα
270 2230 443 2295 σύστασιν·
461 2226 532 2292 ἀλλ’
551 2227 616 2293 άπὸ
634 2237 693 2313 τῆς
714 2237 775 2294 τοῦ
798 2232 924 2314 κόσμου
948 2227 1107 2313 γενέσεως
1121 2253 1147 2296 1⁵

99 2335 271 2422 ἀνατρέχει
300 2333 353 2401 ἐπὶ
380 2337 442 2420 τὴν
468 2344 529 2401 τοῦ
557 2336 708 2420 σώματος
735 2333 887 2420 γένεσιν’.
932 2337 962 2400 εἰ
989 2338 1108 2400 τοίνυν

96 2452 201 2509 ταῦτα
229 2440 284 2507 καλ
312 2441 447 2526 άληθῶς
475 2440 531 2507 καλ
558 2449 605 2530 τῷ
629 2443 785 2507 Πλάτωνι
814 2443 979 2507 δοκοῦντά
1002 2457 1108 2525 φησιν

96 2550 114 2616 δ
139 2551 355 2635 Πορφύριος,
382 2558 452 2625 πῶς
479 2548 520 2614 οὐ
549 2550 704 2615 συνεῖδεν
725 2559 830 2614 ταῦτα
850 2551 1029 2636 πρότερον,
1053 2548 1108 2614 ὅτε

97 2657 239 2741 γενητὸν
275 2651 361 2720 εἶναι
398 2657 512 2738 ἔλεγεν
547 2656 608 2721 τὸν
638 2657 766 2740 κόσμον
796 2656 841 2732 ὡς
873 2653 907 2733 ἐξ
937 2656 1021 2739 ὕλης
1052 2650 1108 2719 καὶ

94 2765 209 2841 εἴδους
237 2764 472 2846 συγκείμενον,
500 2761 551 2827 ότι
575 2762 636 2826 οὕκ
660 2763 746 2828 εἰσιν
768 2760 865 2848 ἀρχαὶ
888 2772 946 2847 τῆς
968 2770 1029 2827 τοῦ
1052 2762 1106 2826 κό-
1120 2784 1149 2829 ιο

96 2888 184 2955 σμου
213 2866 406 2945 συνθέσεως
432 2868 496 2952 ὕλη
523 2866 579 2933 καὶ
603 2863 692 2945 εἶδος
715 2868 797 2933 ἄλλα
819 2870 859 2933 τά
881 2869 945 2953 ἤδη
969 2867 1002 2946 ἐξ
1024 2868 1108 2952 ὕλης

96 2976 151 3043 καλ
180 2977 293 3052 εἴδους
321 2975 487 3041 συστάντα
513 2976 661 3059 σώματα,
689 2969 737 3039 ὧν
764 2974 784 3058 ἡ
813 2976 973 3053 σύνθεσίς
994 2999 1030 3041 τε
1051 2973 1107 3041 καὶ

98 3082 190 3162 τάξις
221 3084 282 3146 τὸν
313 3083 439 3166 κόσμον
471 3079 639 3165 έτοίησεν;
680 3082 710 3146 ελ
741 3077 779 3146 δὲ
810 3083 853 3166 μὴ
891 3081 988 3168 άρχαλ
1024 3081 1105 3168 τοῦΙ

97 3194 227 3275 κόσμου
251 3186 337 3255 εἰσὶν
360 3187 410 3274 [ἡ]
433 3187 496 3273 ὕλη
520 3186 575 3254 καλ
599 3183 703 3272 εἶδος,
726 3187 788 3252 οὐκ
811 3190 875 3275 ἄρα
899 3193 1003 3272 ζητῶν
1025 3188 1162 3254 ὄλοιντ’·

169 3460 193 3507 ι.
211 3420 328 3522 maim,
348 3471 362 3514 e
379 3469 407 3505 m
426 3457 452 3519 ν,
471 3451 501 3505 M
590 3449 711 3522 ιιριγις
729 3450 893 3507 dubitanter
918 3449 1028 3522 scripsi]
1053 3451 1107 3519 ιιι

95 3524 210 3598 [ll-111
232 3522 289 3578 litt.
309 3523 440 3589 wambae
463 3523 489 3576 M
515 3520 648 3592 (ἄκρατον
666 3525 707 3592 pt)
802 3529 827 3576 3.
845 3527 915 3586 θεος
933 3541 982 3593 μεν
1001 3541 1109 3592 γενναν

97 3600 149 3666 ὕλη
170 3598 246 3650 certo
264 3594 323 3665 legi
341 3593 371 3647 in
389 3592 430 3666 M]
449 3591 530 3657 θέσις
547 3592 682 3664 [spatium
702 3592 752 3646 VH
771 3593 840 3663 litt]
864 3593 914 3662 ὕλη
938 3596 971 3663 pt
1060 3590 1108 3664 [τὰ

97 3669 236 3738 σῙχηματα
260 3667 289 3719 Μ
379 3671 404 3719 4.
428 3684 502 3750 ημας
524 3668 600 3719 certo
623 3663 681 3734 legi
704 3663 735 3718 in
757 3664 787 3718 M
809 3668 847 3734 (m
871 3673 886 3717 θ
911 3665 994 3720 verbo
1016 3679 1107 3734 paene

97 3737 217 3793 evanido
236 3753 370 3806 superscr.
391 3735 405 3790 δ
424 3739 513 3806 λογος,
532 3735 606 3803 quod
626 3740 669 3791 est
687 3735 773 3791 etiam
791 3735 821 3790 in
840 3739 882 3818 pt)
972 3741 997 3790 9.
1016 3754 1107 3801 ταρα-

97 3807 245 3881 λαμβάνει]
264 3807 495 3895 καραλαμβανειν
512 3806 543 3860 Μ
561 3806 661 3878 (possis
680 3807 769 3865 etiam
786 3810 918 3884 οοςιλωεο
936 3806 975 3863 δυ
991 3808 1046 3864 κοιλ
1061 3811 1126 3860 w&

82 3888 196 4013 ογιμνρ-
209 3879 450 3946 ταραλαμβανειν)
519 3885 561 3936 11.
582 3883 848 3962 παραληφλδευτλα
862 3882 902 3940 Μ
974 3886 1025 3936 Ἃ.
1044 3875 1151 3948 ΜἏΜᾺ
