2394 4208
64 579 170 652 1v11]
345 577 393 634 nn
411 577 670 634 ιατωωωαιαω
688 580 810 635 mmm
1041 583 1084 648 83

66 741 192 808 ἑαυτοῦ
214 744 416 829 τελειότερος
443 742 462 808 ὁ
486 743 686 820 διδάσκαλος
713 745 882 810 διδάσκων
904 768 939 809 τε
961 744 1016 810 καὶ
1039 749 1084 831 μη

65 851 239 915 διδάσκων
261 853 388 934 γίνεται
410 847 431 933 ἣ
455 849 474 915 δ
495 849 673 933 οἰκοδόμος
692 851 880 935 οἰκοδομῶν
898 874 932 915 τε
951 851 1006 916 καὶ
1024 856 1083 937 μη;

64 959 184 1022 σκόπει
213 952 249 1021 δὲ
277 957 338 1021 τὸν
365 958 469 1040 λόγον
495 954 550 1021 καὶ
581 957 673 1042 τῇδε·
703 955 721 1021 ό
752 958 846 1041 ἥλιος
872 941 1025 1043 λαμπρόν
1051 982 1083 1023 τι

63 1064 161 1146 σῶμά
186 1061 276 1128 ἐστιν
298 1060 353 1126 καὶ
381 1061 574 1146 φωτοειδές·
602 1056 652 1146 ἆρ’
677 1057 755 1147 οὖν,
783 1069 818 1127 εἰ
840 1087 891 1141 τις
918 1064 1082 1130 ὑπόθοιτο

62 1171 103 1234 τὸ
127 1164 234 1253 μηδὲν
257 1162 343 1232 εἶναι
365 1179 433 1233 τῶν
455 1178 512 1252 της
538 1169 744 1252 φωτοειδοῦς
771 1179 831 1234 τοῦ
859 1170 957 1254 ἡλίου
981 1167 1082 1235 δυνά·
1110 1198 1122 1239 ε

62 1299 152 1360 μεως
174 1276 382 1360 μετεχόντων
409 1265 499 1358 (οἷον
522 1277 551 1340 εἰ
574 1276 617 1359 μη
641 1276 789 1360 διαφανῆ
813 1272 856 1360 ἦν
878 1279 920 1342 τὰ
941 1277 1083 1362 οὐράνια

63 1385 201 1466 σώματα
232 1379 288 1446 καὶ
318 1381 336 1447 ό
365 1381 444 1467 ἀήρ,
477 1383 560 1446 ὥστε
592 1383 761 1448 δύνασθαι
793 1393 851 1467 τῆς
880 1393 940 1449 τοῦ
972 1386 1083 1468 φωτὸς

64 1489 250 1554 ἀπολαύειν
273 1486 470 1575 ἐνεργείας),
498 1488 613 1572 ἀτελὴς
636 1487 679 1552 ἂν
701 1483 744 1571 ἦν
772 1488 789 1553 ὁ
813 1490 920 1573 ἥλιος;
948 1491 1010 1556 οὐκ
1034 1487 1082 1556 οἷ-

63 1599 127 1680 μαί
148 1594 189 1678 γέ
208 1617 285 1659 τινα
307 1597 441 1679 φήσειν·
465 1594 506 1659 οὐ
531 1596 592 1679 γὰρ
618 1594 655 1659 ἐν
673 1604 712 1680 τῇ
730 1595 815 1678 πρὸς
835 1597 875 1658 τὰ
893 1595 954 1673 ἔξω
973 1597 1080 1681 σχέσει

64 1704 98 1766 αἱ
124 1698 396 1786 συμπληρωτικαλ
417 1711 485 1765 τῶν
504 1701 629 1766 οὐσιῶν
648 1701 807 1784 δυνάμεις
825 1701 862 1764 τὸ
883 1697 969 1766 εἶναι
988 1706 1080 1787 ἔχου·
1096 1730 1122 1769 ιο

63 1824 136 1873 σιν·
168 1812 313 1893 λήσομεν
344 1809 408 1894 γὰρ
436 1807 523 1872 οὕτω
551 1808 611 1871 τὸν
633 1805 858 1893 Ἀναξαγόρου
886 1811 989 1890 λόγον
1017 1811 1081 1874 εἰσ-

65 1915 215 1998 άγοντες,
232 1913 269 1991 ὃς
284 1914 423 1991 οὐδενὸς
433 1909 520 1978 εἶναι
534 1916 640 1997 φύσιν
654 1913 843 1999 ὡρισμένην
857 1904 979 1998 ἔλεγεν,
999 1915 1082 1980 ἀλλὰ

61 2020 174 2085 πάντα
203 2020 240 2086 ἐν
267 2019 375 2105 σχέσει
402 2029 441 2106 τῇ
469 2021 553 2105 πρὸς
581 2021 706 2105 άλληλα
728 2022 765 2085 τὸ
787 2022 791 2104 Ι
813 2016 898 2086 εἶναι
922 2024 1022 2105 ἔχειν·
1037 2039 1134 2083 rotam.

63 2127 258 2211 ἐληλεγκται
281 2123 318 2193 δὲ
340 2129 424 2192 κατὰ
445 2128 482 2191 τὸ
506 2128 668 2213 καρτερὸν
686 2127 752 2193 ὑπό
771 2151 806 2192 τε
826 2128 1008 2205 Πλάτωνος
1025 2127 1080 2194 καὶ

58 2232 310 2320 Ἀριστοτέλους
337 2234 357 2318 ἡ
384 2236 519 2318 τοιαύτη
549 2232 637 2311 δόξα.
688 2235 718 2298 ελ
746 2229 809 2299 οὖν
837 2233 953 2318 ἑκάστη
983 2234 1080 2300 οὐσία
1095 2259 1121 2301 ιι

63 2341 128 2406 οὐκ
151 2340 189 2406 έν
211 2351 251 2426 τῇ
273 2342 357 2426 πρὸς
380 2342 461 2405 άλλο
485 2340 593 2425 σχέσει
616 2342 653 2405 τὸ
678 2337 764 2406 εἶναι
788 2345 864 2426 ἔχει,
892 2341 976 2405 ἀλλὰ
998 2341 1077 2406 ἀκο-

62 2446 247 2531 λελυμένας
270 2445 321 2531 ἐφ’
345 2445 462 2531 ἑαυτῆς
490 2451 555 2531 ἔχει
583 2448 641 2524 τάς
663 2451 937 2533 συμπληρωτικὰς
961 2447 1079 2532 ἑαυτῆς

62 2555 234 2637 δυνάμεις,
258 2555 363 2638 δῆλον
385 2554 421 2620 ἐκ
443 2555 576 2636 τούτου,
600 2554 644 2630 ὡς
666 2553 721 2619 καὶ
746 2554 876 2638 ὁῆλιος
894 2555 1018 2631 τέλειος
1036 2553 1079 2619 ἂν

61 2656 107 2744 ἦν
134 2661 235 2738 αὐτὸς
262 2663 344 2725 κατὰ
371 2662 432 2744 τὴν
460 2658 580 2725 ἑαυτοῦ
608 2661 741 2745 οὐσίαν,
770 2663 799 2726 εἰ
826 2660 881 2726 καὶ
904 2658 1009 2746 μηδὲν
1035 2657 1078 2743 ἦν

61 2778 132 2832 τῶν
146 2777 203 2851 τῆς
218 2777 418 2851 φωτιστικῆς
436 2767 609 2851 δυνάμεως
628 2767 732 2832 αὐτοῦ
751 2771 962 2853 μετεχόντων.
1001 2767 1075 2832 οὐκ·
1091 2793 1118 2832 ιο

62 2882 143 2957 οῦν,
178 2874 208 2938 εἰ
240 2872 295 2938 καὶ
326 2872 508 2959 μετέχοιεν,
539 2870 640 2939 οὐδὲν
671 2879 799 2958 μᾶλλον
829 2874 928 2950 αὐτὸς
956 2871 1076 2937 ἑαυτοῦ

62 2982 147 3045 κατὰ
177 2983 236 3058 τὰς
268 2981 541 3066 συμπληρωτικδς
573 2981 676 3045 αὐτοῦ
709 2981 867 3064 δυνάμεις
897 2983 1013 3045 πλεῖόν
1045 3005 1076 3043 τι

61 3087 137 3165 ἕξει.
178 3088 216 3152 τὸ
240 3087 320 3152 αὐτὸ
344 3086 399 3153 καὶ
423 3085 476 3152 ἐπὶ
499 3097 557 3171 τῆς
574 3093 797 3172 θερμαντικης
815 3094 875 3150 τοῦ
893 3088 999 3173 πυρὸς
1018 3088 1076 3151 δυ-

62 3196 205 3279 νάμεως·
236 3193 301 3258 κᾶν
328 3196 392 3279 γάρ
418 3195 462 3278 μὴ
490 3186 512 3278 ᾗ
539 3217 571 3258 τι
601 3195 637 3258 τὸ
665 3196 943 3278 θερμαινόμενον,
975 3189 1077 3256 οὐδὲν

61 3297 163 3384 ἦττον
186 3301 223 3365 τὸ
246 3309 314 3386 πῦρ
337 3287 464 3366 τέλειόν
487 3299 577 3366 ἐστιν
599 3302 680 3365 κατὰ
702 3301 762 3364 τὸν
786 3299 931 3383 οὐσιώδη
956 3297 1076 3362 ἑαυτοῦ
1091 3321 1117 3363 ιι

60 3411 167 3492 λόγον
196 3406 251 3472 καὶ
280 3408 381 3472 πάλιν
407 3407 675 3493 θερμαινομένου
703 3407 794 3482 τινὸς
822 3402 922 3470 οὐδέν
949 3407 1078 3488 μᾶλλον

61 3515 145 3580 αὐτὸ
174 3511 295 3579 ἑαυτοῦ
322 3516 526 3598 τελειότερον
556 3517 660 3596 ἔσται,
691 3511 760 3577 ἐπεὶ
791 3514 834 3596 μὴ
864 3512 908 3588 ὡς
934 3512 1018 3594 πρός
1045 3533 1076 3572 τι

134 3747 159 3795 ὁ.
179 3741 243 3796 som
263 3741 294 3795 τὸ
314 3741 367 3795 del.
442 3747 482 3795 11.
502 3741 531 3794 M
549 3759 578 3793 m
598 3739 662 3794 l‘in
680 3757 782 3810 marg:
803 3743 894 3811 ελεγεν
913 3758 967 3811 ηαρ
987 3757 1032 3793 οτι
1045 3759 1084 3793 τα

59 3817 211 3884 κολυχωνα
230 3832 286 3867 των
305 3828 422 3879 στερεων
437 3811 566 3880 μήκοδεν
588 3817 743 3887 στρογγυλα
768 3833 907 3887 wem
993 3818 1100 3883 13η

45 3884 135 4016 μῖρχηχ
145 3888 195 3999 χιχ,
212 3900 269 3934 11011
291 3885 366 3934 certo
382 3881 445 3951 legi
460 3881 491 3935 in
509 3883 542 3937 Μ
635 3893 675 3946 26.
699 3889 767 3950 fort.
790 3891 874 3960 τινὸς
893 3888 1032 3970 Quos>

906 4063 948 4123 Βῆ
