2394 4208
86 593 126 647 xl
140 601 165 649 ι.
180 595 209 667 ι]
360 595 408 650 ου
427 594 685 650 mmmm
703 595 824 651 mm
1028 588 1093 661 421

88 757 180 822 ἐστιν
212 755 376 844 ἑκάτερον,
412 755 512 824 οὐδὲν
544 755 581 824 δὲ
613 769 707 845 τριχῇ
744 760 921 825 διαστατόν
957 759 1096 836 οὐδενὸς

86 873 183 949 τριχῇ
211 865 403 949 διαστατοῦ,
435 859 457 950 ᾗ
484 868 640 931 τοιοῦτόν
667 865 767 950 ἐστιν,
799 865 965 953 διαφέρει,
996 862 1096 931 οὐδὲν

87 971 153 1056 ἀρα
182 981 276 1057 τριχῇ
307 972 493 1055 διαστατόν,
525 965 546 1056 ᾗ
576 974 732 1037 τοιοῦτόν
762 970 862 1057 ἐστιν,
892 980 938 1060 τῷ
966 974 1096 1060 μεγάλῳ

85 1075 143 1142 καί
172 1085 218 1165 τῷ
248 1086 355 1165 μικρῷ
384 1078 506 1144 ταύτόν
536 1076 632 1144 ἐστιν.
679 1081 708 1144 εἰ
736 1074 798 1143 οὖν
827 1076 945 1162 μηδενί
975 1079 1098 1144 ταύτόν

87 1182 181 1248 έστιν
202 1185 332 1272 μεγάλῳ
356 1180 442 1249 εἶναι
465 1183 485 1267 ἢ
503 1192 610 1273 μικρῷ
629 1183 683 1250 καί
702 1195 796 1271 τριχῇ
816 1187 979 1272 διαστατῷ
999 1180 1096 1269 εἶναι,
1122 1209 1135 1251 ι

87 1290 152 1355 οὐκ
179 1292 243 1374 ἀρα
269 1291 289 1375 ἡ
318 1290 354 1355 ἐκ
381 1300 501 1377 μικροῦ
529 1293 577 1369 είς
602 1290 686 1375 μέγα
708 1293 870 1376 μεταβολὴ
893 1291 914 1374 ἣ
937 1292 1038 1356 πάλιν
1061 1290 1096 1355 έκ

86 1397 234 1480 μεγάλου
259 1398 306 1472 εἰς
328 1397 448 1481 μικρὸν
470 1406 530 1461 τοῦ
554 1408 647 1484 τριχῇ
672 1400 865 1482 διαστατοῦ,
894 1391 915 1482 ἦ
943 1405 1097 1462 τοιοῦτον

86 1503 244 1589 ὑπάρχει,
267 1504 453 1587 μεταβολὴν
475 1514 631 1569 ποιεῖται·
661 1499 847 1589 οὐδὲνγὰρ
872 1504 947 1569 οὔτε
970 1507 1097 1587 μᾶλλον

87 1610 165 1673 οὔτε
183 1604 284 1692 ἧττον
302 1612 431 1692 ἔμεινεν
449 1620 543 1695 τριχῇ
562 1633 597 1674 τε
616 1611 793 1675 διαστατόν
815 1607 870 1674 καί
894 1621 986 1694 σῶμα
1003 1610 1041 1674 τὸ
1061 1609 1097 1674 έκ

86 1716 234 1798 μεγάλου
257 1717 377 1800 μικρὸν
399 1718 581 1798 γενόμενον
602 1715 623 1799 ἢ
647 1719 797 1801 ἔμπαλιν,
819 1715 874 1781 καὶ
897 1715 978 1803 πρὶν
1000 1739 1095 1800 μετα-
1109 1741 1136 1780 ιο

85 1823 172 1907 βάλη
195 1819 250 1886 καί
273 1823 521 1906 μεταβεβληκός.
559 1823 642 1888 ὥστε
664 1822 701 1886 τὸ
721 1832 827 1906 σῶμα,
844 1814 866 1906 ᾗ
886 1822 979 1905 σῶμά
997 1820 1095 1903 ε’στιν,

86 1928 315 2012 ἀμετάβλητον
342 1931 471 2011 ἔμεινεν
498 1929 535 1994 ἐν
564 1938 603 2014 τῇ
633 1938 693 1993 τοῦ
720 1930 866 2012 μεγάλου
894 1927 948 1993 καί
975 1937 1095 2012 μικροῦ

85 2037 267 2121 μεταβολῇ,
296 2034 405 2118 ὥσπερ
433 2028 497 2099 οὖν
523 2032 578 2098 καὶ
607 2032 643 2098 ε’ν
669 2044 709 2119 τῇ
736 2036 818 2099 κατά
842 2035 899 2111 τὰς
921 2035 1096 2116 ποιότητας

86 2142 263 2207 ἀλλοιώσει
300 2139 462 2223 οὐδεμίαν
492 2141 620 2226 τροπὴν
651 2142 733 2205 κατὰ
764 2141 824 2205 τὸν
854 2149 915 2205 τοῦ
947 2142 1096 2224 σώματος

86 2251 191 2331 λόγον
217 2247 254 2311 τὸ
282 2248 488 2330 μεταβάλλον
514 2245 687 2331 ὑπομένει,
715 2247 760 2324 ὡς
782 2248 939 2324 πολλάκις
962 2252 1095 2333 εἴρηται.
1110 2271 1135 2314 ιι

155 2353 191 2419 ε’.
216 2352 313 2431 Ἴσως
336 2350 373 2418 δὲ
395 2355 496 2417 πάλιν
518 2351 694 2419 καὶτοῦτο
719 2353 925 2439 ἀπορήσειεν,
953 2354 997 2430 ὡς
1025 2353 1096 2417 δια-

86 2459 276 2546 κεκριμέναι
300 2458 386 2524 είσὶν
409 2457 463 2524 ἀπ’
488 2458 640 2543 ἀλλήλων
663 2461 696 2524 αἱ
720 2459 799 2525 δέκα
821 2463 1013 2544 κατηγορίαι
1040 2458 1095 2524 καὶ

85 2577 145 2650 τῆς
172 2566 289 2642 οὐσίας
315 2567 353 2630 τὸ
381 2566 489 2630 ποσόν
516 2564 606 2630 ἐστιν
633 2565 756 2651 ἕτερον,
783 2568 820 2632 τὸ
849 2563 886 2631 δὲ
907 2576 1001 2653 τριχῇ
1025 2566 1096 2630 δια·

86 2673 209 2739 στατὸν
232 2673 312 2737 αὐτὸ
336 2669 412 2736 καθ’
436 2671 516 2735 αὑτὸ
540 2680 601 2736 τοῦ
623 2681 730 2737 ποσοῦ
754 2672 854 2757 ἐστιν,
882 2674 919 2738 τό
944 2669 980 2737 δέ
1004 2683 1096 2756 σῶμα

86 2780 188 2845 οὐσία
211 2778 314 2845 ἐστίν·
338 2778 420 2842 ὥστε
440 2777 501 2842 οὐκ
520 2776 630 2862 ἀνείη
650 2777 824 2844 αὐτὸκαθ’
844 2780 924 2844 αῦτδ
944 2779 981 2844 τὸ
1000 2789 1094 2865 τριχῇ
1108 2805 1135 2845 ιο

87 2885 266 2950 διαστατόν
293 2896 399 2968 σῶμα,
428 2883 497 2948 ἐπεί
524 2880 608 2968 μηδὲ
630 2885 729 2950 οὐσία
752 2885 853 2970 ἐστίν,
877 2886 960 2950 ἀλλά
980 2889 1094 2952 ποσόν.

87 2994 117 3057 εἰ
146 2986 209 3057 οὖν
235 2993 273 3055 τὸ
302 3001 409 3074 σῶμα,
435 2983 457 3074 ᾗ
481 2992 575 3074 σῶμά
598 2989 697 3074 ἐστιν,
726 2992 823 3058 οὐσία
846 2992 945 3076 έστίν,
968 3002 1034 3058 πᾶν
1057 2989 1095 3057 δὲ

86 3109 180 3181 σῶμα
207 3106 302 3184 τριχῇ
330 3096 420 3161 ἐστιν
448 3098 625 3186 διαστατὸν
652 3096 706 3162 καὶ
735 3100 947 3164 είδοποιεῑται
977 3101 1094 3186 τούτῳ,

86 3203 212 3287 ἀνάγκη
237 3205 301 3290 ἀρα
323 3199 412 3269 εἶναί
432 3227 463 3268 τι
487 3212 533 3291 τῷ
556 3214 649 3291 τριχῇ
674 3206 836 3292 διαστατῷ
863 3206 1094 3290 ὑποκείμενον,

86 3308 125 3375 έν
156 3303 182 3398 ᾧ
215 3313 393 3394 γινόμενον
424 3310 485 3394 τὴν
515 3319 576 3375 τοῦ
608 3312 757 3395 σώματος
793 3311 944 3377 ἀποτελεῖ
980 3313 1093 3395 φύσιν.
1107 3335 1133 3378 ει

85 3417 251 3493 σύνθετος
274 3417 337 3501 ἀρα
360 3419 449 3481 ἔσται
472 3416 493 3500 η
516 3425 577 3482 τοῦ
600 3419 750 3501 σώματος
773 3419 874 3501 φύσις
897 3421 932 3483 ἔκ
955 3442 989 3483 τε
1011 3419 1093 3483 ὑπο-

83 3523 239 3607 κειμένου
266 3532 324 3607 τῆς
349 3522 432 3606 ὕλης
458 3520 513 3587 καί
541 3522 576 3587 ἐκ
602 3532 663 3587 τοῦ
693 3524 817 3607 ταύτην
845 3525 1094 3602 είδοποιοῦντος

157 3790 181 3840 ο.
201 3784 265 3839 fort.
284 3782 301 3852 ἢ
321 3784 438 3853 {uuam
522 3791 547 3840 8.
567 3771 650 3840 τισιν
669 3785 699 3840 Μ
789 3792 831 3841 10.
852 3793 895 3843 ιι.
914 3788 1106 3858 μειοαιμκ,

85 3872 119 3911 ex
138 3876 170 3924 η,
189 3856 230 3923 M;
254 3854 417 3926 μεταβάλλει
433 3860 468 3927 pt
541 3862 584 3915 28.
603 3859 718 3933 λεστλιν,
736 3874 773 3914 οι
790 3860 883 3929 δι,δδ
949 3851 1127 3911 hauh

72 3977 170 4011 τοντινι
187 3962 245 4012 ποί.
265 3977 371 4030 marg„-
399 3983 451 4021 τινι
469 3933 524 4037 τριχ
545 3954 655 4028 διαστδι
