2394 4208
10 35 844 339 -
905 102 913 120 ι

891 130 899 149 0

54 577 126 651 115]
154 615 156 620 -
330 579 378 635 DE
396 579 654 635 AETERNITATE
672 581 793 636 MVNDI
1025 581 1065 644 37

57 752 194 826 ουργεῑν
216 741 286 806 κατ’
309 744 445 820 αὐτούς·
470 745 507 808 τὸ
530 740 677 829 μὲνγὰρ
701 740 787 808 εἶναι
809 754 880 821 τοῖς
902 745 1068 822 τοιούτοις

56 850 170 930 λόγοις
192 847 231 913 ἐν
257 857 303 936 τῷ
332 852 464 934 νοήσεις
490 851 583 927 τινάς
611 850 732 926 αὐτοὺς
760 845 845 915 εἶναι
870 849 1068 934 ὑφέστηκεν,

55 958 307 1039 παρακολουθεῖ
330 953 367 1021 δὲ
390 957 504 1033 αὐτοῖς
525 958 563 1021 τὸ
583 957 849 1042 παραδείγμασιν
867 952 963 1039 εἶναι,
987 958 1068 1022 ὅταν

56 1059 126 1126 κατ’
150 1061 273 1138 αὐτοὺς
296 1061 314 1127 ὁ
338 1063 543 1148 δημιουργὸς
565 1060 734 1149 ἕνεργήση.
781 1064 810 1127 εί
833 1057 896 1127 οὖν
918 1064 962 1146 μὴ
985 1064 1067 1127 πάν-

55 1192 121 1244 τως
143 1169 209 1252 ἅμα
232 1177 301 1246 τοῖς
324 1170 577 1255 δημιουργικοίς
599 1171 712 1252 λόγοις
732 1167 843 1233 ἕπεται
861 1167 917 1233 καὶ
935 1170 975 1233 τὰ
993 1168 1062 1233 κατ’
1094 1195 1107 1236 ε

56 1274 179 1351 αὐτοὺς
201 1275 362 1359 γινόμενα
385 1274 640 1359 ἀποτελέσματα,
662 1271 764 1341 οὐδὲν
786 1277 906 1340 κωλύει
925 1285 993 1339 τῶν
1011 1276 1068 1358 θη-

55 1391 264 1465 μιουργικιῦν
285 1390 346 1446 τοῦ
369 1384 497 1466 κόσμου
521 1384 632 1465 λόγων
655 1384 801 1447 αἰωνίων
824 1384 931 1447 ὄντων
953 1382 997 1465 μὴ
1017 1380 1068 1446 ἀεὶ

56 1483 143 1552 εἶναι
174 1488 235 1552 τὸν
263 1490 399 1572 κόσμον.
445 1489 496 1554 ὅτι
529 1486 566 1554 δὲ
595 1488 657 1554 οὐκ
686 1488 812 1571 ἀνάγκη
841 1489 1068 1574 συνυπάρχειν

56 1604 127 1670 τοῖς
146 1596 259 1677 λόγοις
277 1596 317 1660 τά
334 1596 518 1680 πράγματα,
542 1589 590 1660 ὧν
610 1594 614 1681 Ι
635 1596 722 1659 εἰσιν
741 1598 845 1677 λόγοι,
868 1595 1007 1660 τούναν-
1019 1620 1119 1662 τοιιοι.

56 1704 132 1764 τίον
154 1696 191 1766 δὲ
213 1704 342 1784 μᾶλλον
363 1703 591 1787 προϋπάρχειν
612 1711 680 1765 τῶν
697 1701 898 1786 πραγμάτων
916 1705 995 1778 τοὺς
1013 1704 1067 1765 λό-
1082 1729 1108 1768 ιο

58 1829 156 1888 γους,
186 1808 310 1890 μάθοις
337 1807 380 1872 ἀν
408 1807 463 1873 καὶ
496 1807 663 1873 ἐντεῦθεν.
713 1809 774 1890 τὴν
802 1816 863 1871 τοῦ
890 1805 1069 1891 μέλλοντος

58 1911 179 1996 ἀκριβῆ
200 1915 395 1999 πρόγνωσιν
422 1912 546 1979 εἰδέναι
569 1914 629 1978 τὸν
650 1914 736 1978 θεὸν
762 1922 826 1989 πᾶς
853 1914 896 1976 ἀν
917 1936 968 1989 τις
991 1911 1068 1996 ὁμο-

57 2022 241 2103 λογήσειεν.
293 2018 348 2084 καὶ
379 2018 456 2105 παρ’
476 2017 614 2102 Ἕλλησι
646 2017 683 2084 δὲ
719 2023 888 2103 πολλαχοῦ
919 2029 977 2104 τῆς
1009 2029 1069 2103 γῆς

56 2133 195 2208 μαντεία
217 2127 404 2212 καθίδρυτο
424 2124 479 2190 καὶ
499 2129 680 2212 χρηστήρια
697 2127 758 2209 την
776 2123 885 2208 ἀληθῆ
904 2134 964 2190 τοῦ
982 2133 1068 2191 θεοῦ

56 2234 251 2317 πρόγνωσιν
264 2231 532 2318 ὑποκρινομένου
546 2241 606 2297 τοῦ
620 2241 770 2317 πονηροῦ
785 2232 953 2315 δαίμονος.
986 2232 1069 2298 ἀλλὰ
1082 2257 1108 2298 ιε

57 2339 101 2420 δὴ
119 2336 175 2402 καὶ
193 2348 251 2422 της
270 2337 306 2403 ἐκ
324 2345 410 2404 θεοῦ
428 2343 588 2425 προνοίας
607 2338 788 2403 ἀπολαύειν
805 2340 846 2403 τὰ
864 2340 945 2403 ὅντα
963 2340 1070 2404 πάντα

57 2442 114 2509 καλ
137 2442 221 2528 μηδὲ
239 2447 277 2510 τὸ
296 2446 399 2531 τυχὸν
417 2445 455 2510 ἐν
472 2447 679 2531 παροράματι
698 2447 854 2527 γίνεσθαι
873 2447 969 2528 κοινὴ
988 2446 1069 2510 πάν-

57 2574 126 2615 των
149 2549 240 2616 ἐστὶν
263 2554 377 2617 ἔννοια
400 2563 467 2617 τῶν
490 2551 647 2617 ὁπωσοῦν
669 2553 731 2633 τήν
753 2574 787 2615 τε
809 2560 868 2616 τοῦ
886 2557 972 2616 θεοῦ
992 2550 1069 2633 ἀγα-

58 2660 186 2740 θότητα
214 2656 270 2722 καὶ
300 2660 361 2742 την
390 2660 536 2744 ἄρρητον
566 2656 760 2740 ἐγνωκότων
788 2658 940 2742 δύναμιν.
987 2657 1070 2720 αὐτὰ

58 2760 96 2828 δὲ
119 2772 222 2828 ταῦτα
243 2763 324 2848 ἡμίν
345 2763 401 2829 καὶ
428 2763 447 2829 ὁ
472 2765 625 2849 Πρόκλος
653 2768 892 2848 συνομολογῦν
916 2766 1068 2847 φαίνεται
1082 2788 1110 2829 ιο

58 2871 96 2935 ἐν
127 2877 174 2957 τῷ
207 2873 296 2957 λόγῳ
328 2879 374 2957 τῷ
406 2868 481 2955 περὶ
509 2881 576 2934 τῶν
604 2868 683 2934 δέκα
709 2871 793 2955 πρὸς
819 2871 880 2952 τὴν
906 2871 1071 2955 πρόνοιαν

59 2976 295 3060 ἀπορημάτων·
323 2975 410 3060 λέγει
439 2977 501 3062 γάρ
525 2975 562 3041 ἐν
585 2975 699 3062 ἐκείνῳ
724 2985 826 3040 ταῦτα
850 2975 919 3060 ζτῆς
942 2976 983 3060 δη
1007 2971 1070 3042 οὖν

59 3087 231 3169 προνοίας,
255 3083 300 3160 ὡς
322 3088 459 3168 εἴρηται,
481 3084 563 3148 κατά
585 3083 623 3146 τὸ
644 3082 682 3146 ἓν
699 3079 754 3146 καὶ
773 3082 810 3145 τὸ
829 3080 961 3163 ἀγαθὸν
979 3082 1069 3166 ἀφω-

58 3189 218 3276 ρισμένης
244 3188 300 3254 καὶ
328 3198 388 3255 τοῦ
416 3188 549 3272 ἀγαθοῦ
577 3190 641 3274 πρὸ
669 3197 729 3252 τοῦ
757 3196 820 3252 νοῦ
848 3189 945 3266 ὄντος
974 3187 1070 3275 (νοῦς

59 3299 123 3382 γὰρ
147 3295 298 3383 ὀρέγεται
316 3305 376 3361 τοῦ
395 3296 538 3379 ἀγαθοῦ,
560 3293 616 3360 καί
635 3296 697 3380 γάρ
717 3295 756 3358 τὰ
775 3292 856 3359 ὄντα
874 3297 991 3379 πάντα,
1014 3295 1069 3361 καὶ
1083 3319 1110 3362 ιε

59 3402 135 3489 οὐχὶ
154 3412 216 3468 τοῦ
235 3411 297 3468 νοῦ
316 3404 353 3467 τὸ
373 3399 529 3488 ἀγαθόν),
550 3401 675 3485 ἀνάγκη
695 3399 749 3465 καὶ
768 3401 829 3483 τὴν
847 3402 1071 3487 προνοητικὴν

60 3521 189 3594 γνῶσιν
210 3505 295 3594 ὑπὲρ
318 3512 380 3593 την
401 3508 523 3594 νοεράν
541 3502 627 3572 εἶναι
646 3505 701 3571 καὶ
720 3507 806 3571 οὕτω
826 3507 867 3589 δὴ
885 3508 993 3571 πάντα
1011 3509 1071 3590 την

59 3620 226 3702 πρόνοιαν
248 3616 426 3698 γινώσκειν
448 3621 494 3701 τῷ
518 3612 568 3678 ἑνὶ
592 3622 637 3700 τῷ
662 3610 789 3695 ἑαυτῆς,
812 3613 899 3677 καθὸ
918 3610 973 3676 καὶ
992 3612 1069 3695 ἀγα-

59 3726 159 3789 θύνει
188 3723 296 3788 πάντα
323 3723 363 3785 τά
390 3730 515 3786 νοῦυτα
541 3717 596 3784 καλ
624 3721 663 3783 τὰ
690 3720 733 3804 μὴ
758 3720 927 3804 (νοοῦντα
953 3717 1012 3786 καὶ
1036 3721 1082 3786 τὰ

114 3952 153 3997 27.
170 3951 210 3995 28.
227 3914 279 4008 τάγά
289 3942 429 4008 πρόνοιαν
441 3921 539 4004 πάντα
548 3952 584 4010 M
647 3965 736 4036 29sq‚
751 3975 892 4026 νοοῦντα
901 4000 938 4009 -
951 3964 993 4038 μὴ
1008 3952 1128 4018 affl&
