2394 4208
67 554 107 608 m
120 555 149 626 ε]
331 555 380 608 DE
398 542 656 609 εονοιιαιοενο
674 554 796 610 mm
1006 554 1071 618 443

64 739 155 800 γουε,
178 726 277 781 τοῦτο
296 714 337 781 δέ
353 715 442 783 ἐστιν
460 728 563 802 σῶμα,
583 723 674 802 είτερ
693 716 748 782 καὶ
767 717 847 783 αὐτὸ
867 719 1074 802 μεταβάλλει.

63 820 136 886 ἀλλ’
165 824 194 887 εἰ
222 822 404 907 ἀδύνατον,
432 825 477 901 ώς
507 824 667 901 πολλάκις
698 829 839 909 εἴρηται,
870 825 907 889 τὸ
939 835 1074 909 πρῶτον

62 929 286 1013 ὑποκείμενον
307 931 533 1014 μεταβάλλειν,
555 929 618 995 οὐκ
640 932 705 1015 ἀρα
727 932 804 996 οὕτε
826 931 965 1015 δυνάμει
987 929 1073 995 ἀσώ-

62 1059 171 1121 ματον
198 1031 283 1100 εἶναι
310 1038 372 1119 τὴν
398 1037 485 1121 ὕλην
507 1035 673 1122 ἐνδέχεται
695 1037 756 1103 τὸν
778 1039 917 1122 ἀπειρον
939 1040 1072 1123 χρόνον,

65 1142 230 1207 δέδεικται
253 1139 290 1208 δέ
313 1142 364 1207 ὅτι
388 1144 465 1207 οὕτε
488 1143 645 1229 ἐνεργείᾳ.
682 1144 766 1209 ώστε
789 1141 862 1208 οὐδ’
886 1145 970 1222 ὅλως
988 1143 1073 1208 ἀσώ-
1100 1169 1112 1210 ε

64 1274 171 1335 μαιον
194 1245 279 1314 εἶναι
302 1251 363 1332 την
385 1247 472 1333 ὕλην
495 1248 668 1335 ἐνδέχεται.
715 1252 762 1314 ἔτι
786 1251 815 1314 εί
837 1251 857 1334 ἡ
876 1251 986 1337 πρώτη
1005 1261 1073 1315 τῶν

64 1356 226 1439 σωμάτων
251 1356 315 1438 ὕλη
343 1355 515 1440 ἀσώματος
542 1355 597 1421 καὶ
624 1357 664 1421 τά
691 1357 762 1439 είδη
790 1357 897 1421 πάντα
919 1354 1074 1440 ἀσώματα

65 1459 157 1526 ἐστιν
179 1460 292 1546 (τοῦτο
317 1463 379 1546 γὰρ
403 1459 528 1545 ἀληθὲς
551 1461 591 1526 ὂν
613 1460 668 1526 καὶ
690 1463 780 1546 τιαρά
801 1463 935 1527 πάντων
955 1462 1073 1546 ὁμολο-

64 1565 200 1655 γεῖται),
227 1577 296 1644 πῶς
325 1568 387 1632 δύο
416 1567 599 1652 ἀσωμάτων
625 1590 659 1632 τε
682 1566 737 1632 καὶ
760 1566 893 1651 ἀμερῶν
915 1568 1074 1646 σύνθεσις

63 1675 101 1738 τὸ
126 1673 158 1751 ἐξ
183 1673 310 1758 ἀμφοῖν
332 1671 483 1762 με’γεΙδος
510 1672 566 1739 καὶ
593 1684 686 1759 σῶμα
711 1677 903 1756 πετοίηκεν;
939 1672 994 1738 καὶ
1012 1690 1126 1732 τοίνυν.

64 1782 94 1845 εἰ
121 1785 224 1866 μυρία
251 1781 354 1866 ἀμερῆ
379 1780 603 1865 συντιθέμενα
625 1780 769 1865 μέγεθος
792 1779 833 1845 οὐ
855 1790 944 1845 ποιεί
966 1780 1012 1857 ώς
1033 1781 1073 1844 τὰ
1087 1807 1112 1846 11

64 1899 197 1972 σημεῖα,
227 1891 336 1952 τόθεν
365 1890 428 1953 δύο
458 1888 591 1973 ἀμερῶν
621 1889 782 1964 σύνθεσίς
810 1911 860 1964 τις
889 1883 961 1974 (τῆς
991 1887 1074 1969 ὕλης

63 1994 150 2079 φημί
179 1994 233 2060 καὶ
263 2003 324 2059 τοῦ
354 1991 481 2081 εἴδους)
510 1993 653 2079 μέγεθος
682 1993 738 2059 καὶ
766 2005 860 2078 σῶμα
888 1992 1073 2077 γεγένηται;

64 2107 94 2166 εἰ
122 2098 159 2166 δέ
187 2105 357 2185 φήσουσιν
386 2102 526 2184 δυνάμει
557 2096 643 2166 εἶναι
673 2110 767 2184 σῶμα
795 2101 856 2181 τὴν
882 2100 979 2183 ὕλην,
1010 2098 1074 2164 κάν

63 2206 236 2291 ἀσώματος
260 2214 325 2290 είη,
354 2208 383 2272 εί
406 2203 467 2290 μὲν
490 2206 544 2272 ἀεί
564 2205 656 2271 ἐστιν
679 2207 819 2290 δυνάμει
843 2216 950 2290 σῶμα,
978 2205 1074 2271 οὐδέ·
1088 2232 1113 2273 ιο

61 2335 143 2378 ποτε
166 2315 341 2397 δήπουθεν
363 2317 454 2379 ἔσται
478 2312 627 2399 ἐνεργείᾳ
650 2322 756 2397 σῶμα,
784 2311 835 2377 ἀεὶ
863 2309 901 2378 δὲ
924 2311 1073 2398 ἐνεργείᾳ

62 2419 249 2503 ἀσώματος·
290 2421 327 2483 τὸ
358 2422 421 2505 γάρ
452 2419 592 2503 δυνάμει
621 2443 653 2483 τι
683 2419 724 2484 δν
752 2417 814 2496 ἕως
843 2417 885 2483 ἀν
914 2422 1024 2503 μόνως
1051 2411 1073 2503 ᾖ

63 2527 218 2610 δυνάμει,
242 2526 390 2613 ἐνεργείᾳ
411 2535 511 2591 τοῦτο
535 2522 820 2591 εἶναιάδύνατον·
842 2527 880 2591 τὸ
899 2527 962 2610 γάρ
981 2526 1073 2610 ὕδωρ

62 2632 126 2709 ἕως
155 2632 197 2698 ἀν
226 2635 336 2716 μόνως
364 2625 385 2716 ᾗ
416 2633 556 2716 δυνάμει
584 2635 724 2719 θερμόν,
759 2631 909 2719 ἐνεργείᾳ
944 2632 1074 2716 θερμὸν

63 2739 127 2804 οὐκ
159 2742 257 2805 ἔστιν.
303 2741 333 2804 εἰ
365 2734 428 2803 οὖν
458 2737 509 2804 ἀεὶ
539 2739 680 2823 δυνάμει
710 2738 801 2804 ἐστίν
831 2749 924 2822 σώμα
950 2738 971 2822 ἡ
998 2738 1073 2821 ὕλη,
1087 2765 1114 2804 ιο

63 2843 116 2910 ἀεὶ
148 2849 238 2910 ἐσται
272 2844 421 2931 ἐνεργείᾳ
453 2845 636 2929 ἀσώματος·
677 2844 769 2929 μένει
801 2840 864 2910 οὖν
893 2845 913 2928 ἡ
944 2843 1073 2930 ἀπορία

61 2961 133 3027 τιώς
170 2948 207 3017 δέ
244 2951 419 3036 ἀσώματον
454 2950 614 3040 ἀσωμάτῳ
652 2950 896 3035 συντιθέμενον
931 2951 1073 3034 μέγεθος

60 3068 153 3122 ποιεί
175 3057 230 3123 καὶ
249 3069 355 3142 σῶμα;
379 3060 487 3135 άλλως
508 3081 543 3122 τε
566 3059 596 3123 εί
618 3057 673 3122 ἀεί
694 3057 784 3124 ἐστιν
807 3059 947 3140 δυνάμει
971 3067 1073 3141 σῶμα,

62 3162 223 3230 οὐδέτιοτε
253 3161 290 3230 δέ
321 3164 470 3250 ἐνεργείᾳ
496 3167 625 3248 γίνεται
652 3177 760 3249 σῶμα,
787 3165 894 3248 μάτην
920 3161 985 3241 ἕξει
1012 3165 1073 3246 τὴν

63 3271 210 3355 δύναμιν
223 3270 385 3355 μηδέποτε
403 3279 589 3355 προϊοῦσαν
607 3272 655 3347 εἰς
674 3269 851 3355 ἐνέργειαν.
883 3268 953 3334 ἀλλ’
973 3265 1075 3335 οὐδὲν
1087 3295 1114 3336 ει

61 3388 132 3442 τῶν
154 3377 273 3442 ἀιδίων
296 3379 436 3461 δυνάμει
460 3376 550 3443 ἐστίν
572 3379 683 3462 μόνως
705 3377 765 3441 τὸν
784 3378 922 3462 άιιειρον
940 3379 1073 3462 χρόνον,

62 3483 108 3560 ώς
131 3482 186 3548 καί
205 3482 422 3569 Ἀριστοτέλει
445 3485 550 3548 δοκεῖ·
575 3483 611 3549 ἐν
634 3480 696 3568 μὲν
714 3484 776 3569 γὰρ
795 3493 866 3559 τοῖς
885 3482 1074 3566 γινομένοις

62 3588 118 3655 καὶ
150 3590 388 3676 φθειρομένοις
418 3588 584 3674 ἐνδέχεται
615 3590 756 3674 δυνάμει
785 3613 816 3654 τι
848 3585 948 3673 εἶναι,
981 3589 999 3654 δ
1029 3590 1073 3674 μὴ

137 3786 177 3835 16.
198 3780 254 3854 ἀεὶ]
274 3781 298 3836 ἐι
316 3782 345 3834 Μ
423 3789 465 3837 21.
486 3782 586 3854 εστ[αι]
605 3782 634 3834 Μ
711 3787 754 3837 26.
774 3781 876 3855 οὕδὶυη
891 3780 961 3835 δυδε.
974 3781 1013 3832 λδ

64 3858 107 3908 26.
124 3854 272 3989 mm}
284 3869 321 3976 ἰαί
335 3871 372 3921 ει,
390 3853 422 3906 Μ
511 3859 554 3909 27.
573 3853 662 3910 Arist.
681 3853 813 3926 mehaph.
834 3856 860 3910 Θ
878 3860 899 3908 8
915 3870 949 3921 υ.
960 3848 1067 3904 ἱυωυω
1080 3851 1102 3896 *1
