2394 4208
10 39 848 343 -
929 132 938 151 .

915 156 926 179 4

69 585 115 640 IV
130 586 176 658 16]
350 585 398 640 DE
416 585 673 641 AETERNITATE
692 585 812 640 MVNDI
1023 586 1084 651 101

143 746 202 822 ςι’.
230 749 275 812 El
298 742 361 813 οὖν
387 751 470 814 κατὰ
496 751 553 827 τὰς
576 748 723 831 εὐσεβεῖς
749 746 825 833 περὶ
848 754 932 814 θεοῦ
956 749 1087 826 ἐννοίας

71 855 177 932 αὐτὸς
200 851 321 920 ἑαυτοῦ
344 856 504 941 πλήρωμά
527 855 616 921 ἐστιν
639 854 657 920 ὁ
680 855 761 932 θεὸς
783 855 925 938 μηθενὸς
948 864 1008 920 τοῦ
1026 853 1081 921 ὑπ’

74 961 183 1026 αὐτοῦ
205 960 419 1047 παρηγμένον
443 963 490 1038 είς
512 965 680 1027 τελείωσιν
704 962 874 1046 δεόμενος,
902 963 1019 1045 δῆλον,
1043 963 1087 1039 ὡς

73 1063 157 1132 οὐδὲ
181 1066 216 1132 ἐκ
239 1077 297 1151 τῆς
319 1079 386 1133 τῶν
408 1069 609 1153 πραγμάτων
626 1065 796 1153 ὑπάρξεως
815 1066 1139 1155 προσΙλαμβοί-ιοιωτ.

73 1196 128 1237 νει
150 1195 182 1237 τι
205 1174 253 1249 είς
275 1177 444 1239 τελείωσιν
467 1173 544 1238 οὔτε
571 1172 607 1237 ἐκ
632 1183 693 1239 τοῦ
719 1176 764 1258 μὴ
792 1170 877 1239 εἶναι
904 1183 1007 1238 ταῦτα
1029 1175 1086 1238 αὐ·
1113 1200 1126 1242 ε

73 1280 134 1355 τὸς
156 1277 278 1344 ἑαυτοῦ
306 1278 514 1365 ἀτελέστερος
541 1281 646 1364 ἔσται,
674 1281 782 1365 ὥσπερ
806 1281 888 1345 κατὰ
911 1284 1088 1345 Πλωτίνον

74 1383 133 1449 καὶ
155 1385 196 1449 τὰ
218 1388 314 1471 μήπω
337 1387 417 1451 ὄντα
444 1386 489 1462 ὡς
512 1387 592 1451 ὄντα
615 1394 661 1475 τῷ
686 1394 756 1474 θεῷ
779 1388 944 1472 πάρεστιν.
990 1409 1088 1472 παρε-

73 1495 229 1576 θήκαμεν
258 1485 321 1557 οὖν
351 1491 454 1556 αὐτοῦ
482 1491 536 1557 καὶ
564 1495 728 1578 πρότερον
755 1494 937 1577 περικοπὴν
965 1492 999 1557 ἐκ
1027 1501 1088 1557 τοῦ

75 1601 182 1682 λόγου
205 1608 266 1664 τοῦ
288 1597 364 1685 περὶ
387 1610 455 1664 τῶν
482 1610 612 1684 νοητῶν
637 1599 657 1683 ἢ
680 1597 755 1684 περὶ
779 1598 944 1682 τάγαθοῦ,
971 1595 1010 1683 ἧς
1032 1597 1087 1664 καὶ

74 1714 143 1769 νῦν
164 1712 356 1789 μνησθῆναι
378 1703 485 1783 ἄξιον·
507 1704 583 1791 περὶ
607 1707 670 1790 γὰρ
694 1715 750 1789 τῆς
771 1706 1009 1790 δημιουργικῆς
1027 1715 1086 1770 τοῦ
1102 1733 1128 1772 ιο

73 1818 162 1877 θεοῦ
186 1812 358 1896 δυνάμεως
381 1812 615 1896 διαλεγόμενος
638 1811 674 1876 έν
698 1810 837 1888 ἐκείνοις
859 1812 962 1875 ταῦτά
985 1829 1088 1894 φησιν

74 1917 175 1982 ‘ma
203 1918 270 2002 μὴν
299 1919 329 1982 ελ
359 1919 410 1983 δεῖ
440 1916 580 2002 ἑκάστην
611 1917 779 2003 ἐνέργειαν
805 1919 849 2002 μὴ
877 1916 974 2001 ἀτελῆ
1003 1913 1087 1982 εἶναι

73 2018 161 2108 μηδὲ
183 2022 281 2107 θέμις
306 2033 367 2088 τοῦ
390 2031 475 2090 θεοῦ
499 2024 615 2089 ὁτιοῦν
637 2025 718 2089 ἄλλο
741 2047 774 2088 τι
796 2027 942 2107 νομίζειν
963 2022 984 2105 ἢ
1008 2023 1088 2088 ὅλον

73 2152 110 2194 τε
135 2127 190 2193 καὶ
211 2139 289 2213 πᾶν,
315 2130 367 2195 δεῖ
389 2129 426 2195 ἐν
449 2129 579 2219 ὁτῳοῦν
601 2141 668 2194 τῶν
691 2130 794 2195 αὐτοῦ
817 2129 925 2194 πάντα
948 2128 1087 2214 ἐνυπάρ-

72 2259 158 2321 χειν.
203 2237 256 2301 aet
278 2241 396 2301 τοίνυν
417 2234 472 2301 καὶ
495 2245 556 2301 τοῦ
579 2234 629 2300 ἀεὶ
654 2231 754 2320 εἶναι,
777 2236 829 2301 ὁεί
851 2234 990 2300 καὶτοῦ
1012 2235 1086 2319 μέλ·
1101 2259 1127 2301 ιε

75 2347 198 2419 λοντος
228 2343 291 2427 ἤδη
324 2344 489 2427 παρόντος
521 2337 614 2406 εἶναι.
670 2343 711 2407 οὐ
744 2344 784 2426 δὴ
816 2342 958 2427 ὕστερόν
988 2365 1020 2405 τι
1052 2340 1088 2406 ε’ν

73 2447 203 2535 ἐκείνω,
229 2447 313 2513 ἀλλὰ
335 2449 372 2512 τὸ
396 2449 459 2532 ἤδη
484 2447 551 2513 ἐκεῖ
572 2449 681 2534 παρὸν
703 2449 844 2533 ὕστερον
867 2448 905 2513 έν
926 2450 1015 2535 ἄλλῳ
1038 2450 1087 2530 γί-

73 2577 179 2618 νεται.
224 2557 253 2620 εί
276 2548 340 2619 οὖν
360 2555 424 2639 ἤδη
446 2555 606 2640 πάρεστιν
628 2555 664 2619 τὸ
684 2554 815 2639 μέλλον,
838 2554 963 2639 ἀνάγκη
984 2555 1089 2631 οὕτως

72 2671 231 2744 παρεῖναι
254 2661 299 2737 ὡς
320 2660 590 2746 προνενοημένον
613 2662 660 2738 εἰς
685 2662 721 2726 τὸ
745 2662 900 2745 ὕστερον,
928 2670 1027 2726 τοῦτο
1051 2659 1091 2725 δέ

73 2767 168 2833 ἐστιν
190 2768 235 2844 ὡς
256 2763 362 2851 μηδὲν
384 2768 516 2833 δεῖσθαι
539 2768 681 2851 μηδενὸς
703 2771 790 2851 τότε,
816 2776 915 2833 τοῦτο
939 2766 979 2831 δέ
998 2765 1088 2832 ἐστιν
1101 2792 1128 2831 ιο

71 2869 183 2958 μηδὲν
205 2872 425 2950 ἐλλείψοντος.
460 2873 568 2937 πάντα
591 2875 654 2958 ἄρα
676 2874 739 2958 ἤδη
762 2869 806 2957 ἦν
827 2871 882 2938 καὶ
904 2871 954 2937 ἀεὶ
972 2868 1015 2956 ἦν
1032 2871 1088 2937 καλ

74 2979 184 3055 οὕτως
205 2973 249 3061 ἦν
271 2979 316 3055 ὡς
344 2980 449 3043 εἰπεῖν
475 2979 617 3065 ὕστερον
644 2981 720 3045 τόὸε
748 2981 804 3045 ὁιὰ
830 2981 919 3044 τόδε·
949 2978 1087 3046 ἐκτεινό-

72 3108 181 3170 μενον
211 3081 273 3169 μὲν
302 3086 365 3171 γὰρ
395 3083 449 3149 καὶ
479 3076 554 3151 οἷον
584 3085 795 3169 ἁπλούμενον
825 3089 890 3169 ἔχει
917 3086 1087 3151 δεικνύναι

73 3192 154 3257 τόδε
172 3193 254 3275 μετὰ
271 3192 358 3275 τόδε,
381 3190 466 3274 ὁμοῦ
486 3187 523 3256 δὲ
539 3202 607 3256 πᾶν
625 3193 711 3275 τόδε,
730 3200 828 3257 τοῦτο
848 3191 888 3257 δέ
904 3191 993 3258 ἐστιν
1011 3195 1088 3276 ἔχον

73 3298 114 3363 έν
143 3294 249 3385 ἑαυτῷ
277 3296 332 3362 καὶ
359 3298 420 3381 τὴν
444 3299 574 3364 αἰτίαν.
619 3300 649 3363 εί
677 3293 740 3362 οὖν
766 3299 849 3362 κατὰ
870 3299 930 3363 τὸν
953 3300 1088 3381 φιλόσο-
1101 3321 1127 3362 ιε

72 3427 147 3487 φον
175 3407 352 3469 Πλωτῑνον
384 3405 421 3467 τὸ
453 3403 576 3487 μέλλον
607 3403 662 3469 καὶ
692 3408 787 3488 μήπω
817 3407 998 3488 γενόμενον
1024 3405 1086 3488 ἤθη

73 3517 123 3597 τῷ
146 3515 217 3597 θεῷ
240 3509 398 3595 πάρεστιν
420 3508 475 3574 καὶ
498 3506 600 3575 οὐδὲν
621 3508 697 3596 παρ’
721 3511 809 3596 αὐτῷ
831 3511 982 3595 ὕστερον,
1006 3509 1088 3574 ἀλλὰ

153 3741 176 3791 7.
192 3742 216 3792 8.
235 3754 299 3808 pag.
315 3742 390 3806 39‚5
458 3742 482 3793 8,
503 3738 601 3809 αὐτοῦ]
620 3757 706 3792 αντωι
725 3738 755 3791 Μ
826 3743 866 3791 12.
886 3736 958 3791 Plot.
973 3752 1038 3792 eun.
1049 3735 1095 3791 Ἦ

77 3809 201 3877 7,1(οῦ
223 3808 280 3878 μὴν
301 3807 361 3862 ἀλλ’
378 3808 404 3863 εί
421 3810 475 3878 δεῖ)
564 3814 603 3864 13,
623 3809 742 3881 θεμιτὸν
766 3812 839 3868 θεοῦ
862 3809 960 3870 ὁτιοῦν
976 3805 1015 3868 hv
1036 3809 1106 3866 ἄλλο

76 3878 151 3933 plot.
220 3885 260 3931 15,
280 3880 329 3930 καί
345 3886 396 3933 τοῦ
407 3909 440 3919 -—
455 3881 503 3934 δεῖ
517 3897 570 3936 om.
590 3879 664 3943 Ρίοί.
743 3891 790 3945 22.
809 3888 863 3946 δια
877 3887 930 3964 M}
947 3883 1023 3961 μετὰ
1033 3882 1122 3941 PX&-

136 3950 177 3995 u,
197 3962 284 4009 ww
298 3945 335 3997 M
413 3947 447 4001 δ’ὁ
465 3947 500 4006 ὂν
520 3961 582 4012 πᾶν
601 3956 678 4019 Plot.
777 3969 824 4024 νῦ.
846 3971 894 4026 26,
918 3967 1082 4040 φλοοοφον
1098 3952 1140 4009 ὁὶ
