2394 4208
960 48 964 65 Ι

10 39 852 353 -
911 126 963 191 ..Ι

75 535 117 590 VI
130 537 160 608 7]
346 535 395 590 DE
413 536 671 591 AETERNITATE
691 536 812 592 MVNDI
1028 539 1089 604 141

75 708 125 786 τῷ
154 703 296 784 παρόντι
327 700 667 784 ὑιακριβολογεῖσθαι.
713 703 833 785 χρόνος
863 699 892 764 δ’
927 697 991 766 οὑν
1019 701 1088 786 μετ’

77 806 229 891 ούρανοῦ
249 805 398 890 γέγονεν,
417 804 460 870 ἵν’
483 808 550 890 άμα
572 806 791 890 γεννηθέντες
814 809 881 891 ἅμα
903 808 958 873 καὶ
981 813 1093 874 λυθῶ·

78 931 152 995 σιν,
182 915 225 977 άν
252 935 332 977 ποτε
358 914 454 990 λύσις
481 936 531 989 τις
558 911 709 997 γένηται,
739 913 793 978 καὶ
820 916 903 978 κατὰ
930 916 967 979 τὸ
991 917 1094 1000 παρά-

79 1021 201 1104 δειγμα
219 1029 277 1103 τῆς
300 1020 472 1096 ὑιαιωνίας
496 1021 639 1103 φύσεως,
657 1019 701 1084 ἵν’
720 1021 764 1098 ὡς
787 1021 981 1104 ὁμοιότατος
1004 1022 1094 1111 αὐτῷ

79 1129 163 1192 κατὰ
182 1129 328 1211 δύναμιν
345 1120 381 1210 ᾖ·
405 1127 442 1191 τὸ
459 1123 521 1210 μὲν
544 1129 606 1212 γὰρ
629 1128 837 1212 παράδειγμα
859 1129 966 1193 πάντα
989 1131 1094 1194 αἰῶνα
1121 1152 1134 1192 ε

80 1240 184 1319 ἔσται,
203 1232 270 1299 ὁδ’
290 1228 332 1298 αὑ
352 1234 412 1297 τὸν
434 1234 562 1297 ἅπαντα
584 1236 708 1318 χρόνον
731 1234 788 1298 ὑιά
810 1233 926 1312 τέλους
949 1238 1134 1318 γεγονώς

77 1368 116 1409 τε
143 1341 199 1408 καὶ
227 1341 275 1405 ὢν
302 1339 357 1404 καὶ
382 1339 546 1423 ἐσόμενος.
595 1335 690 1417 ε”ξ
652 1364 715 1404 ουν
739 1343 842 1423 λόγου
866 1342 920 1407 καὶ
945 1344 1096 1420 διανοίας

78 1458 167 1515 θεοῦ
190 1449 345 1530 τοιαύτης
367 1447 452 1532 πρὸς
474 1449 598 1531 χρόνου
623 1445 806 1530 γένεσιν,
791 1471 846 1511 ινα
869 1456 996 1535 γενηθη
1019 1453 1096 1535 χρό-

80 1580 153 1640 νος,
170 1557 266 1639 ἥλιος
283 1552 339 1618 καὶ
359 1557 479 1636 σελήνη
498 1551 553 1617 καὶ
571 1551 668 1617 πέντε
692 1554 774 1617 ἄλλα
797 1555 901 1638 άστρα
924 1554 1097 1640 ἐπίκλησιν

82 1666 204 1748 ἔχοντα
225 1662 397 1744 πλάνητες,
420 1661 468 1736 εἰς
491 1660 668 1744 διορισμὸν
691 1658 746 1723 καὶ
769 1661 924 1743 φυλακὴν
943 1661 1097 1746 ἀριθμῶν
1112 1685 1137 1723 ιο

84 1772 211 1855 χρόνου
243 1766 402 1851 γέγονεν’.
447 1774 550 1830 ταῦτα
580 1762 642 1849 μὲν
673 1765 690 1830 ὁ
723 1766 878 1830 Πλάτων·
908 1765 961 1831 καὶ
994 1770 1098 1852 ἔγωγε

83 1870 179 1959 οἶμαι
211 1873 337 1957 μηὺένα
368 1875 473 1954 λόγον
505 1873 611 1949 οὑτως
648 1871 794 1956 ἐναργῶς
824 1873 886 1954 τὴν
919 1875 1099 1952 Πλάτωνος

84 1981 311 2065 ἐξηγούμενον
341 1989 548 2064 παραστῆσαι
578 1979 746 2063 διάνοιαν,
776 1979 821 2056 ὡς
850 1979 950 2056 αὐτὸς
980 1977 1099 2045 ἑαυτὸν

84 2090 192 2172 δῆλον
221 2090 413 2169 πεποίηκεν·
442 2084 564 2171 ἡμέρας
594 2086 656 2170 γάρ
685 2103 789 2169 φησιν
816 2084 870 2150 καὶ
899 2087 1022 2164 νύκτας
1044 2085 1100 2152 καλ

84 2205 193 2279 μῆνας
220 2192 275 2258 καὶ
304 2191 493 2275 ἐνιαυτούς,
525 2193 607 2274 άπερ
637 2190 728 2256 ἐστὶν
756 2194 880 2277 χρόνον
907 2191 1005 2276 μέρη,
1038 2193 1100 2258 οὐκ
1113 2213 1139 2255 ιε

85 2297 175 2366 εἶναι
204 2298 285 2384 πρὶν
316 2299 464 2384 οὐρανὸν
499 2296 672 2381 γενέσθαι,
705 2299 852 2375 εἰκότως·
883 2296 1005 2383 μέτρον
1036 2301 1098 2385 γάρ

85 2408 180 2474 ἐστιν
212 2417 269 2490 τῆς
301 2415 362 2471 τοῦ
395 2405 544 2490 οὐρανοῦ
575 2407 735 2488 κινήσεως
767 2404 785 2468 ὁ
818 2408 946 2490 χρόνος.
1002 2405 1030 2468 εἰ
1063 2402 1100 2470 δέ

85 2514 295 2600 προύπάρχει
318 2514 355 2577 τὸ
379 2511 459 2597 πρὶν
481 2521 539 2595 τῆς
561 2519 622 2575 τοῦ
642 2510 647 2594 J
667 2511 815 2594 ούρανοῦ
838 2512 1036 2596 συστάσεως,
1055 2525 1157 2568 rol-⁶⁸1·

85 2632 158 2697 πῶς
181 2619 224 2684 ἂν
246 2615 314 2684 εἶεν
337 2620 464 2703 άναρχα
487 2617 630 2701 ούρανός
653 2615 765 2682 τεκαὶ
787 2620 920 2701 χρόνος;
942 2619 1043 2682 πάλιν
1066 2614 1095 2681 δ’

86 2723 132 2793 αὑ
161 2728 198 2791 τὸ
227 2724 336 2808 λέγειν
364 2727 430 2808 ἅμα
457 2733 496 2809 τῇ
523 2732 583 2787 τοῦ
613 2723 761 2806 οὐρανοῦ
785 2725 940 2788 συστάσει
963 2725 1024 2806 τὴν
1047 2722 1100 2806 γέ·
1114 2753 1141 2794 ιο

86 2852 185 2900 νεσιν
214 2841 274 2897 τοῦ
305 2834 428 2917 χρόνον
458 2829 513 2895 καὶ
543 2840 610 2895 τῶν
637 2831 759 2894 τούτου
789 2841 899 2914 μερῶν
929 2832 988 2895 τὸν
1017 2831 1102 2896 θεὸν

87 2945 345 3025 μεμηχανῆσθαι
369 2938 470 3022 ἀρχῆς
492 2939 583 3013 τινός
602 2935 693 3000 ἐστιν
711 2934 765 3000 καὶ
783 2938 914 3021 πρώτης
931 2937 1102 3022 ὑπάρξεως

88 3047 202 3113 αὐτῶν
226 3046 424 3128 δηλωτικόν·
446 3054 516 3120 πῶς
539 3045 601 3127 γὰρ
625 3042 662 3106 τὸ
687 3040 719 3118 ἐξ
741 3043 861 3119 αἰῶνος
879 3043 1028 3110 ὑποστὰν
1045 3044 1102 3110 καὶ

90 3152 143 3218 ἀεὶ
157 3151 387 3236 ὑφιστάμενον
400 3153 473 3215 τότε
486 3149 570 3236 πρὸς
584 3159 643 3214 τοῦ
658 3150 865 3234 δημιουργοῦ
883 3151 949 3233 ἅμα
968 3152 1102 3239 οὐρανῷ

90 3255 323 3345 συνισταμένη)
346 3263 597 3341 μεμηχανῆσθαι
620 3254 751 3338 λέγοιτο
774 3253 816 3319 ἂν
838 3255 919 3339 πρὶν
943 3255 1102 3339 γενέσθαι
1115 3284 1142 3325 ιε

168 3511 193 3558 8.
212 3523 254 3565 τις
273 3504 366 3557 αὑτῶν
380 3501 509 3593 γλγγηται
522 3500 594 3555 Plat
649 3507 674 3554 5.
689 3500 792 3570 γὰρδὴ
806 3499 878 3555 Plat.
935 3501 1105 3558 ὀ.6αἰοἰνά

94 3573 296 3770 μιν,
457 3571 749 3713 ww
767 3520 958 3696 ’ἓν

187 3733 319 3783 ιωρισμον
338 3716 367 3769 M
475 3720 517 3769 18
537 3714 600 3769 fort
618 3733 645 3766 τι
663 3712 805 3784 πρλν(νὶε
760 3713 853 3768 νιετὺ
862 3642 1013 3784 wolvo!
1057 3733 1104 3771 συ-

94 3807 195 3908 σταίσοξ,
214 3859 251 3901 ως
268 3845 340 3904 m2,
357 3839 388 3892 M
456 3845 498 3894 19
518 3859 645 3983 ampelos
662 3837 694 3895 Μ
768 3839 846 3898 2οΪ
828 3862 889 3915 αμα
851 3860 1050 3918 μαεορεῑεόῑ.
1060 3849 1130 3898 m.

89 3912 124 3962 Μ
190 3915 228 3958 23,
248 3910 336 3976 mlo>
296 3908 545 3976 [Ἰνειοιιιλ
680 3915 856 3995 &dv-who]
863 3915 1145 3992 ,ειουωὶᾋ
