2394 4208
78 534 118 591 111
132 537 160 608 ι]
347 533 395 588 οε
413 532 671 590 mmmm
689 533 811 590 MVNDI
1042 535 1086 599 45

143 697 179 778 ζ’.
195 696 266 762 Ὅτι
286 695 455 781 ’ἐνδέχεται
478 696 532 762 καὶ
556 697 661 781 αὐτὴν
682 695 741 781 ὑφ’
766 695 883 782 ἑαυτῆς
901 699 963 782 την
980 699 1087 781 φύσιν

76 805 140 870 ἀπὸ
163 815 222 890 τῆς
244 805 329 891 πρός
349 829 381 868 τι
401 803 665 887 ἐπιτηδειότητος
684 805 731 881 είς
749 805 811 887 την
829 801 897 870 κατ’
917 804 998 868 αὐτὸ
1018 803 1088 880 ἕξιν

74 936 111 977 τε
133 910 188 976 καὶ
208 909 379 996 ἐνέργειαν
396 912 540 993 ἄγεσθαι
557 908 613 976 καὶ
631 911 675 994 μη
695 910 833 975 δεῖσθαί
852 934 943 988 τινος
962 908 1088 988 ἔξωθεν

73 1028 136 1084 τοῦ
158 1022 374 1094 τελειοῦντος.

353 1213 460 1289 Λύσις
482 1183 546 1278 τοῦ,
565 1216 679 1297 τρίτου
703 1215 814 1297 λόγου.
1115 1233 1127 1272 5

144 1336 186 1402 α’.
211 1335 267 1414 Ὡς
295 1337 494 1420 σοφιστικὸν
521 1346 581 1401 τοῦ
609 1340 801 1421 φιλοσόφου
824 1338 862 1403 τὸ
888 1336 1088 1423 ἐπιχείρημαζ

77 1449 184 1509 καίτοι
203 1467 241 1527 γε
260 1444 328 1508 ἔδει
346 1444 383 1507 τὸ
403 1452 460 1527 τῆς
479 1446 682 1526 φιλοσοφίας
696 1443 898 1528 αἰδούμενον
915 1447 1089 1530 πρόσχημα

77 1549 134 1615 καί
161 1561 219 1635 τῆς
246 1551 453 1634 διαλεκτικῆς
480 1549 649 1635 ἀκριβείας
677 1551 724 1625 είς
754 1552 858 1635 ἀκρον
884 1553 1007 1634 ἥκοντα
1034 1550 1088 1616 καί

79 1654 155 1741 περὶ
188 1656 394 1738 τηλικούτων
425 1658 487 1740 την
523 1655 642 1732 σκέψιν
672 1656 877 1740 ποιούμενον
908 1661 951 1742 μὴ
984 1658 1090 1737 οὕτως

80 1773 152 1839 ταῖς
174 1762 381 1845 ὁμωνυμίαις
403 1762 488 1847 ἡμᾶς
510 1763 660 1848 καθάπερ
684 1763 717 1827 ολ
741 1762 898 1846 σοφισταὶ
921 1765 961 1827 τά
978 1765 1090 1849 μειρά-
1104 1784 1130 1823 ιο

81 1893 137 1934 κια
149 1870 433 1954 παρακρούεσθαι,
452 1868 536 1934 ἀλλὰ
548 1879 606 1953 της
624 1868 783 1952 ἀληθείας
797 1871 962 1954 φροντίδα
975 1872 1090 1935 ποιού-

80 1999 184 2059 μενον
210 1975 409 2058 ὁμωνύμους
436 1976 517 2039 όντα
540 1976 654 2058 φωνάς
676 1977 713 2040 τό
742 1998 776 2039 τε
805 1975 943 2059 δυνάμει
971 1974 1026 2040 καὶ
1053 1977 1090 2040 τὸ

80 2082 231 2168 ἐνεργείᾳ
263 2079 434 2147 διελέσθαι
464 2082 512 2158 είς
541 2082 581 2145 τά
610 2082 757 2167 διάφορα
784 2084 1010 2166 σημαινόμενα
1036 2081 1091 2148 καὶ

82 2187 224 2271 διδάξαι,
248 2186 301 2252 ἐπὶ
319 2191 420 2252 ποίου
440 2184 502 2271 μὲν
515 2198 583 2252 τῶν
600 2197 661 2252 τοῦ
681 2189 820 2273 δυνάμει
839 2188 1092 2272 σημαινομένων

80 2298 117 2361 τὸ
141 2294 256 2381 ἕτερον
278 2305 346 2359 τῶν
368 2293 444 2380 παρ’
468 2294 572 2359 αὐτοῦ
600 2293 767 2359 τεθέντων
791 2293 984 2378 ἀξιωμάτων
1006 2296 1091 2380 ὡμο-
1106 2315 1131 2357 15

82 2407 234 2487 λόγηται,
262 2401 315 2467 ἐπὶ
343 2405 443 2467 ποίου
472 2398 509 2466 δὲ
536 2402 637 2466 πάλιν
664 2412 732 2466 τῶν
759 2401 909 2487 ἐνεργείᾳ
935 2403 1092 2487 θάτερον,

82 2507 152 2576 εἶτα
174 2508 315 2575 ἕκαστον
337 2519 405 2573 τῶν
427 2507 681 2593 σημαινομένων
703 2519 770 2572 τῶν
793 2509 933 2593 δυνάμει
952 2507 1006 2572 καὶ
1025 2518 1093 2573 τῶν

83 2616 234 2703 ἐνεργείᾳ
263 2613 316 2680 ε’πέ
343 2623 404 2679 τοῦ
433 2615 640 2700 δημιουργοῦ
667 2612 881 2699 ὑποθέμενον
907 2615 947 2678 τά
974 2611 1092 2700 ἑκάστη

83 2721 244 2787 ὑποθέσει
268 2719 411 2805 ἑπόμενα
435 2719 687 2799 ἐπισκέψασθαι.
732 2721 825 2804 ἡμεῖς
850 2716 913 2785 οὖν
936 2720 995 2785 ἕνα
1018 2736 1093 2785 σκο-

83 2830 149 2893 πὸν
179 2829 376 2912 ποιούμενοι
408 2829 470 2911 την
499 2837 557 2911 τῆς
589 2826 748 2910 ἀληθείας
778 2828 912 2913 εὕρεσιν
941 2826 995 2891 καὶ
1023 2837 1093 2904 τοῖς
1108 2855 1134 2894 ιο

86 2937 303 3011 διαλεκτικοῖς
335 2938 474 2999 κανόσιν
506 2931 660 3018 ἑπόμενοι
690 2936 854 3018 πρότερον
882 2934 929 3009 είς
956 2935 996 2999 τά
1024 2934 1094 2998 διά-

85 3065 175 3127 φορα
207 3040 368 3124 διέλωμεν
404 3041 630 3124 σημαινόμενα
661 3042 699 3103 τό
732 3063 766 3103 τε
799 3040 937 3124 δυνάμει
970 3039 1024 3105 καὶ
1057 3042 1094 3106 τὸ

86 3147 246 3233 ἐνεργείᾳ,
269 3142 334 3213 εἷθ’
358 3147 464 3224 οὕτως
488 3146 575 3223 ὅπως
599 3145 758 3229 ἀληθείας
781 3149 837 3232 ἔχη
855 3147 895 3210 τά
914 3146 962 3212 ἐπ’
985 3148 1096 3212 αὐτῶν

85 3252 225 3319 τεθέντα
253 3261 314 3318 τοῦ
345 3256 537 3337 φιλοσόφου
567 3255 823 3335 κατανοήσωμεν
853 3251 1037 3339 ἀξιώμαζτα,
1050 3271 1090 3310 τοι
1099 3272 1148 3311 1⁹¹.

86 3358 118 3437 ἐξ
143 3354 192 3425 ὧν
213 3359 250 3423 τὸ
275 3363 390 3444 τρίτον
416 3371 484 3424 τῶν
506 3358 766 3444 ἐπιχειρημάτων
788 3358 996 3436 συνέπλεξεν.
1041 3359 1095 3425 καὶ
1110 3385 1136 3426 τι

89 3468 144 3531 διά
166 3489 203 3550 γε
227 3469 305 3542 τοὺς
328 3465 486 3551 ἀπείρους
507 3476 575 3530 τῶν
593 3464 755 3529 τοιούτων
774 3466 884 3548 λόγων
903 3462 1005 3529 οὐδὲν
1023 3457 1097 3530 οἷον

160 3701 183 3750 7.
203 3697 354 3764 αιδομενον
377 3694 407 3747 Μ
495 3711 648 3763 προσχειμα
671 3693 700 3746 Μ
725 3697 772 3762 (cr.
791 3696 821 3761 p)
912 3699 944 3746 12
964 3693 1032 3748 ὄντα
1056 3695 1098 3761 M·

89 3765 151 3906 ίφελ.
171 3763 274 3836 γνόντα
366 3770 407 3818 14.
427 3763 584 3836 δυνλΠε
537 3763 591 3819 litt.
611 3764 760 3835 ετεοῑαμει
777 3763 807 3819 Μ
898 3770 946 3822 λδ
961 3764 1033 3821 im
1052 3776 1110 3821 των

87 3833 345 3976 §Jstmffb
394 3840 435 3891 17
452 3841 492 3892 13.
512 3834 577 3892 fort.
597 3847 648 3896 τοῦ
668 3836 793 3913 δυνάμει
811 3840 865 3900 καὶ
882 3849 936 3899 τοῐ)
956 3836 1094 3913 ἐνεργείᾳ

103 3907 339 3976 Μάνιον
366 3922 402 3960 ex
419 3928 443 3975 ν,
463 3907 498 3963 Μ
571 3918 614 3971 23.
638 3914 730 3991 ἔχειλ
750 3921 784 3976 ελ
804 3922 854 3994 (ex
874 3919 1005 3991 οοπηρ
