2394 4208
892 396 898 409 d

78 541 117 596 τι
131 543 160 616 ι]
344 543 393 598 οε
411 541 669 599 mmmm
687 541 809 598 ιιτιιοι
1020 542 1085 609 441

78 703 240 789 γενομένη
263 704 284 790 ἢ
308 705 447 791 μέλαινα
470 702 571 772 οὐδὲν
593 709 721 791 μᾶλλον
738 705 759 790 ἢ
777 701 879 791 ἧττον
896 704 977 794 σάρξ
996 705 1088 772 ἐστιν

76 808 183 896 μηδὲν
205 811 241 877 ε’κ
263 822 321 896 τῆς
343 815 540 898 λευκότητος
561 811 582 897 ἢ
605 816 763 897 μελανίας
784 814 872 879 καθὸ
896 811 977 900 σάρξ
995 810 1088 887 ἐστιν

77 920 339 1003 μεταβάλλουσα.
384 921 415 984 ελ
441 916 502 1004 μὲν
529 914 593 986 οὖν
619 923 750 1004 ἔμεινεν
776 920 796 1004 ἡ
823 918 887 1004 ὕλη
916 919 1088 1004 ἀσώματος

77 1023 133 1090 καλ
151 1027 232 1109 μετὰ
249 1027 286 1090 τὸ
306 1024 466 1103 δέξασθαι
488 1028 526 1091 τὸ
549 1035 610 1091 τοῦ
634 1028 784 1110 σώματος
807 1021 910 1110 εἶδος,
929 1030 976 1092 ἐτι
995 1025 1088 1110 μένει

77 1134 115 1196 τὸ
141 1133 278 1218 άαορον,
300 1143 371 1210 τῶς
392 1135 429 1198 τὸ
450 1133 625 1217 ἀσώματον
643 1131 698 1198 καὶ
717 1129 834 1218 ἀμερὲς
851 1137 1013 1218 μερίζεται
1031 1131 1087 1198 καλ
1113 1156 1127 1198 τ

77 1249 148 1315 πῶς
174 1249 245 1315 τοῖς
272 1237 416 1327 ἀμεράσι
439 1247 601 1324 μερισμοῦ
626 1241 714 1304 αἰτία
737 1242 864 1323 γίνεται
887 1238 1008 1327 ἀμερὴς
1025 1256 1138 1298 rouen.

78 1339 165 1409 οὖσα
182 1344 237 1410 καί
261 1346 439 1430 ἀσώματος.
476 1347 506 1411 εἰ
528 1342 565 1411 δὲ
589 1344 698 1430 ἐξέστη
722 1354 783 1410 τοῦ
807 1341 893 1411 εἶναι
916 1345 1088 1430 ἀσώματος
1138 1372 1140 1377 ·

77 1449 134 1515 καὶ
161 1438 242 1515 αὐτὸ
272 1464 364 1537 σῶμα
391 1450 446 1516 καὶ
473 1451 617 1536 μέγεθος
644 1451 793 1535 γέγονεν,
817 1450 923 1517 οὐκέτ’
946 1450 989 1517 ἂν
1011 1451 1088 1537 ἀμε-

76 1558 238 1640 τάβλητος
266 1566 330 1643 είη·
366 1561 450 1625 ὥστε
478 1555 557 1624 οὐδὲ
584 1558 743 1643 ἀγένητός
769 1581 804 1623 τε
827 1557 882 1623 καί
905 1560 1089 1645 ἀφθαρτος.

77 1662 134 1729 καλ
162 1666 282 1741 ἀλλοις·
319 1666 349 1730 εἰ
371 1663 543 1749 ἀσώματος
566 1660 650 1730 οὖσα
672 1663 851 1749 μετέβαλεν
872 1663 927 1729 καὶ
950 1663 1088 1748 γέγονεν
1101 1694 1128 1735 ιο

78 1782 183 1855 σῶμα,
202 1771 328 1854 ἀνάγκη
346 1781 435 1836 πᾶσα
452 1770 473 1854 ἣ
493 1766 582 1837 εἶναί
602 1793 682 1835 τοτε
705 1769 809 1854 αὐτὴν
832 1769 981 1858 ἐνεργείᾳ
1004 1771 1088 1836 ἀσώ-

76 1901 195 1963 ματον,
218 1873 288 1942 εἶτα
311 1876 485 1961 γεγονέναι
509 1888 612 1962 σῶμα,
635 1875 655 1961 ἢ
679 1876 842 1960 μηδέποτε
865 1875 970 1960 αὐτὴν
994 1900 1089 1960 γεγο-

77 1983 173 2049 νέναι
202 1982 351 2070 ἐνεργείᾳ
378 1983 560 2067 ἀσώματον.
607 1984 636 2048 εί
659 1978 721 2066 μὲν
743 1977 807 2048 οὖν
834 1981 983 2069 ἐνεργείᾳ
1009 1979 1089 2048 τοτὲ

77 2087 122 2174 ἦν
150 2089 336 2174 ἀσώματος,
364 2085 434 2154 εἶτα
461 2091 691 2173 μεταβαλοῦσα
713 2087 853 2172 γέγονεν
876 2099 979 2174 σῶμα,
1001 2100 1089 2174 τρῶ-

78 2220 140 2261 τον
162 2193 224 2281 μὲν
247 2193 374 2262 δύναιτ’
398 2194 441 2260 ἀν
462 2197 564 2260 πάλιν
585 2193 641 2260 καλ
660 2196 697 2260 τὸ
717 2206 810 2279 σῶμα
828 2194 985 2279 γενέσθαι
1005 2196 1089 2261 ἀσώ-
1102 2225 1129 2268 ιι

76 2326 193 2389 ματον,
222 2299 292 2368 εἶτα
318 2304 407 2368 καθὸ
435 2302 498 2368 οὐκ
525 2304 656 2385 ἔμεινεν
678 2302 849 2386 ἀσώματος
872 2300 1014 2387 ἐφθάρη.
1059 2303 1090 2368 ελ

78 2406 116 2474 δέ
148 2410 186 2474 τὸ
218 2409 395 2494 ἀσώματον
427 2407 578 2492 ἐφθάρη,
609 2406 665 2473 καί
698 2407 837 2491 γέγονεν
868 2407 901 2486 ἐξ
931 2407 1090 2493 ἀνάγκης·

78 2513 182 2582 οὐδὲν
218 2517 280 2602 γὰρ
317 2527 385 2581 τῶν
421 2522 585 2600 φθαρτῶν
621 2513 790 2598 ἀγένητον.
841 2516 870 2580 ελ
906 2512 943 2580 δὲ
980 2524 1089 2599 τοῦτο,

78 2624 205 2706 ἀνάγκη
233 2632 322 2688 τᾶσα
348 2624 430 2686 ἀλλο
452 2645 485 2686 τι
507 2630 547 2706 τῇ
568 2618 633 2707 ὕλη
655 2620 876 2706 ὑποκείμενον
899 2616 984 2687 εἶναι
1007 2624 1090 2688 κατὰ
1135 2627 1137 2631 ”

76 2731 119 2794 τά
140 2732 305 2815 πρότερον
332 2727 541 2812 ἀεθειγμένα,
568 2725 644 2812 περὶ
673 2726 751 2793 διὸ
774 2724 853 2793 τοτὲ
876 2724 937 2812 μὲν
960 2728 1089 2815 ἀσώμα-
1102 2758 1129 2800 ιο

75 2860 139 2902 τον
161 2836 202 2901 ὂν
224 2831 303 2901 τοτὲ
327 2830 406 2916 <ἀέ>
430 2843 523 2918 σῶμα
540 2834 750 2917 μεταβάλλει,
768 2833 823 2900 καί
841 2843 941 2900 τοῦτο
958 2837 1089 2914 πάντας

77 2944 156 3009 οὔτε
179 2953 272 3026 σῶμα
295 2945 384 3008 ἐσται
409 2941 485 3006 οὔτε
509 2940 695 3025 ἀσώματον,
718 2946 809 3026 είτερ
833 2943 961 3025 σώματί
980 2941 1088 3008 τεκαὶ

78 3050 239 3136 άσοιμάτφ
262 3048 448 3113 ὑπόκειται·
471 3043 542 3110 ἀλλ’
566 3042 668 3112 οὐδὲν
691 3041 776 3111 εἶναι
800 3045 920 3130 μεταξὺ
940 3048 1090 3133 σώματός

77 3154 187 3220 τεκαὶ
206 3154 383 3239 ἀσωμάτου
403 3152 583 3238 ἐνδέχεται,
603 3151 673 3218 ἐπεὶ
692 3149 775 3237 μηδὲ
793 3163 851 3238 τῆς
868 3153 1089 3238 ἀντιφάσεως·

76 3264 115 3327 τὸ
146 3264 209 3347 γὰρ
239 3259 415 3344 ἀσώματον
442 3260 573 3337 πάντως
601 3282 667 3325 κου
694 3258 750 3324 καὶ
778 3271 871 3344 σῶμα
898 3260 961 3326 οὐκ
988 3263 1089 3346 ἔστιν,
1102 3290 1128 3332 ιε
1164 3243 1169 3254 ⁵

77 3370 247 3435 ἀδύνατον
277 3365 312 3433 δὲ
342 3371 423 3452 μήτε
453 3377 546 3450 σῶμα
576 3362 666 3432 εἶναί
691 3390 723 3431 τι
752 3369 832 3451 μήτε
859 3369 903 3452 μὴ
931 3378 1025 3452 σῶμα
1051 3369 1088 3433 τὸ

78 3477 173 3541 αὐτό·
197 3476 375 3559 ἀντίφασις
397 3475 459 3558 γὰρ
482 3482 597 3557 τοῦτο,
620 3469 722 3538 οὐδὲν
745 3469 782 3538 δὲ
801 3473 878 3538 οὔτε
895 3483 964 3538 τῶν
981 3476 1090 3540 ὄντων

78 3583 156 3647 οὔτε
187 3592 255 3645 τῶν
286 3582 329 3665 μὴ
363 3581 471 3645 ὄντων
503 3578 653 3664 ἐκφυγὸν
683 3583 879 3664 καυχήσεται
910 3583 972 3665 τὴν
1000 3581 1089 3646 ἀντί-

152 3780 175 3827 1.
195 3773 321 3842 [μαλλον]
341 3772 370 3826 Μ
442 3777 466 3826 8.
487 3772 680 3843 μεταβαλοῦσα
697 3775 730 3843 pt
806 3779 831 3827 6.
850 3777 1001 3842 mmm
1018 3772 1102 3826 ολὼι

78 3844 118 3916 (ἡ
138 3842 218 3916 ὕλη),
238 3843 271 3898 of,
291 3849 351 3910 439,
368 3849 401 3897 24
473 3850 515 3899 11.
536 3844 718 3971 ”2070ka
735 3860 774 3898 οι
790 3843 870 3914 m&
946 3849 1000 3896 xz.
1017 3845 1146 3950 Wmss

72 3934 124 3967 τον
138 3915 174 3966 Μ
245 3920 285 3967 19.
302 3915 375 3986 [τληι
394 3915 427 3969 Μ
505 3922 551 3974 21.
571 3915 604 3974 δὲ
625 3917 665 3973 ad
690 3920 751 3989 ,ρο
832 3922 884 3970 Ἃ.
897 3907 1092 3985 mmm&
