2394 4208
76 542 143 596 XIII
158 548 198 598 14.
215 543 260 614 15]
341 542 389 596 DE
408 541 665 596 ΑΕΤΕΒΝΙΤΑΤΕ
685 541 808 596 MVNDI
1020 542 1086 605 519

75 704 246 788 αφθέντος
273 704 293 788 ἢ
321 704 341 789 ἡ
370 704 405 769 έκ
432 706 589 790 παπύρον
611 705 662 781 -ὡς
689 705 709 789 ἡ
734 704 769 769 ἐκ
792 703 911 788 ξύλων,
933 703 988 768 καὶ
1011 706 1087 768 τοῦ-

76 835 145 876 των
171 812 191 894 ἡ
222 810 258 875 ἐκ
288 812 437 897 θρυίνων
465 816 601 895 μᾶλλον.
648 811 731 875 ἀλλὰ
761 811 802 894 δὴ
832 809 886 876 καὶ
915 809 960 875 δι’
986 811 1086 894 αὐτῆς

75 914 138 1001 μὲν
164 928 222 1002 τῆς
249 919 376 1001 φλογὸς
402 918 562 995 πολλάκις
590 919 764 1000 διαγαγεῖν
786 919 847 1000 τὴν
870 928 963 1003 χεῖρα
985 917 1087 981 δυνά-

75 1030 180 1107 μεθα,
210 1025 378 1109 ἄνθρακος
408 1020 445 1088 δὲ
473 1019 553 1088 οὐδὲ
581 1022 785 1107 ἐφάψασθαι.
831 1022 885 1087 καὶ
916 1025 1086 1108 άνθρακος

76 1127 116 1195 δὲ
145 1127 244 1214 ἦττον
273 1137 386 1213 θιγεῖν
416 1130 562 1194 δυνατὸν
587 1138 649 1194 τοῦ
677 1128 713 1194 ἐκ
742 1128 958 1215 στερεωτέρας
981 1131 1085 1216 ὑπάρ-
1113 1156 1126 1196 5

76 1260 194 1321 χοντος
216 1237 311 1319 ὕλης·
339 1240 466 1320 μᾶλλον
489 1237 551 1321 γάρ
575 1245 635 1300 τοῦ
660 1235 695 1300 ἐκ
718 1237 925 1321 θρυαλλίδος
947 1234 1002 1300 καὶ
1025 1246 1085 1301 τοῦ

77 1342 114 1407 έκ
141 1343 295 1428 παπύρου
324 1343 493 1428 ἄνθρακος
519 1348 634 1426 θιγεῖν
663 1343 838 1426 δυνάμεθα
859 1345 942 1427 ἤπερ
966 1352 1026 1408 τοῦ
1050 1341 1086 1408 ἐκ

75 1448 196 1532 ξύλων,
219 1447 274 1513 καλ
296 1450 417 1514 τούτου
441 1450 542 1513 πάλιν
563 1452 691 1532 μᾶλλον
712 1451 795 1534 ἥπερ
819 1449 960 1533 σιδήρου
983 1470 1087 1513 πεπν-

76 1554 304 1638 ρακτωμένου,
335 1555 455 1638 σχεδὸν
479 1551 515 1619 δὲ
538 1551 617 1619 οὐδὲ
645 1555 821 1638 πλησιάσαι
850 1556 956 1641 τούτῳ
985 1555 1086 1619 δυνά-

74 1668 173 1745 μεθα.
219 1662 248 1725 εί
276 1656 339 1725 οὖν
366 1662 403 1724 τὸ
431 1660 717 1747 παχυμερέστερον
743 1669 811 1745 πῦρ
839 1664 923 1724 καίει
947 1665 1084 1745 μᾶλλον,
1099 1688 1126 1727 10

75 1766 376 1852 λεπτομερέστατον
404 1764 440 1832 δέ
464 1765 518 1831 καὶ
541 1769 781 1852 καθαρώτατον
804 1767 849 1844 ὡς
872 1769 921 1831 ἔνι
944 1768 1085 1849 μάλιστα

28 1956 32 1963 .
75 1874 114 1936 τὸ
139 1873 299 1958 οὐράνιον
321 1883 387 1959 πῦρ
411 1873 466 1938 καὶ
490 1871 569 1939 οὐδὲ
591 1874 759 1958 ὑπερβολὴ
778 1875 884 1959 πυρὸς
902 1870 982 1938 οὐδὲ
1001 1871 1084 1955 φλὸξ

76 1976 148 2043 ἀλλ’
168 1979 248 2043 αὐτὸ
267 1980 304 2044 τὸ
325 1980 531 2064 στοιχειῶδές
549 2003 584 2044 τε
602 1978 656 2044 καὶ
681 1981 817 2059 ζωτικὸν
835 1990 918 2065 πῦρ,
935 1991 1005 2057 πῶς
1023 1979 1085 2044 οὐκ

72 2083 119 2148 άν
141 2089 253 2172 πολλῷ
277 2095 337 2150 τοῦ
360 2087 453 2151 κάειν
475 2109 510 2150 τε
532 2084 587 2150 καὶ
611 2090 769 2170 φθείρειν
792 2086 983 2171 άποθέοιτο,
1008 2091 1085 2166 ζωο-

72 2191 175 2255 ποιὸν
205 2188 241 2256 δὲ
264 2196 391 2275 μᾶλλον
414 2191 456 2255 άν
479 2198 528 2275 εἴη
552 2192 597 2269 ὡς
620 2189 674 2256 καὶ
698 2193 734 2256 τὸ
759 2191 797 2256 ἐν
819 2203 888 2270 τοῖς
912 2191 1007 2280 ζῴοις
1030 2197 1124 2278 έμ·ιι

75 2322 186 2380 φατον
209 2299 339 2383 θερμὸν
361 2299 579 2382 καλούμενον,
607 2289 682 2363 οἷόν
705 2297 795 2363 ἐστιν
817 2297 872 2364 καὶ
895 2300 932 2363 τὸ
955 2309 1022 2385 πῦρ
1046 2301 1083 2365 τὸ

73 2403 238 2489 αἰθέριον.

142 2507 197 2574 ει’.
225 2509 281 2574 Ἐκ
308 2507 370 2594 μὲν
397 2506 460 2575 οὖν
487 2519 547 2575 τοῦ
576 2521 701 2594 γνῶναι
724 2513 786 2594 τὴν
809 2512 990 2587 Πλάτωνος
1014 2511 1085 2574 θιά-

75 2639 182 2700 νοιαν,
211 2617 255 2693 ὡς
283 2616 318 2681 ἐκ
348 2627 415 2680 τῶν
443 2617 613 2700 τεσσάρων
635 2621 807 2701 στοιχείων
831 2621 933 2681 οίεται
956 2616 993 2679 τὸ
1017 2625 1084 2680 πᾶν

73 2723 272 2788 συνεστάναι
300 2721 354 2787 καὶ
379 2722 481 2787 αὐτὸν
503 2724 563 2788 τὸν
586 2723 742 2808 οὐρανόν,
771 2724 868 2787 ἱκανά
890 2720 945 2786 καὶ
968 2730 1083 2786 ταῦτα·
1097 2750 1124 2789 ιο

76 2827 194 2914 ἐφεξῆς
222 2826 257 2894 δὲ
286 2828 340 2893 καὶ
368 2840 435 2893 τῶν
463 2829 566 2894 αὐτὸν
592 2827 958 2913 ὑπομνηματισαμένων
987 2833 1083 2910 φιλο-

72 2938 192 3017 σόφων
229 2936 343 3018 ὀλίγας
376 2935 590 3020 παραθέσθαι
623 2938 755 3020 χρήσεις
787 2933 889 3012 άξιον.
937 2931 1083 3012 Ἀττικὸς

74 3039 137 3124 μὲν
161 3037 223 3106 οὖν
242 3040 296 3106 καὶ
317 3043 534 3126 Πλούταρχος
553 3040 686 3107 ε’άσθων
704 3039 759 3106 καὶ
778 3047 813 3105 εί
825 3037 1003 3128 τιςΙάλλος
1021 3057 1137 3099 tol-216v.

75 3150 217 3231 γενητὸν
240 3144 325 3212 εἶναι
349 3148 430 3212 κατὰ
453 3149 577 3233 χρόνον
595 3147 654 3211 τὸν
672 3150 798 3230 κόσμον
816 3146 881 3211 ὑπὸ
902 3146 1083 3224 Πλάτωνος

72 3254 230 3337 λέγεσθαι
259 3255 463 3339 ἀπεφήνατο·
499 3256 662 3341 μάρτυρες
690 3250 726 3318 δὲ
752 3254 832 3337 ἡμῖν
855 3256 1001 3318 ἔστωσαν
1024 3254 1083 3337 μό·
1096 3279 1122 3319 ιι

72 3385 127 3424 νοι
164 3371 240 3445 τοῦ,
277 3361 327 3425 ὅτι
361 3362 503 3425 Πλάτων
540 3360 575 3425 ἐκ
611 3372 678 3426 τῶν
710 3361 879 3445 τεσσάρων
910 3364 1083 3444 στοιχείων

146 3593 169 3641 2.
189 3590 317 3660 paIIIov]
335 3589 365 3641 M
439 3595 462 3643 θ.
481 3591 583 3658 θηγειν
601 3587 630 3640 Μ
693 3594 717 3641 6.
738 3588 814 3660 [γαλρ
834 3588 863 3640 Μ
926 3594 966 3641 11.
986 3591 1081 3641 λεπτο-

72 3660 277 3729 μερεστῖατλον,
304 3675 336 3713 ex
360 3678 403 3727 ερ,
427 3659 456 3712 M
564 3665 605 3714 12.
624 3659 701 3728 prius
721 3661 785 3712 οοιῖε
804 3675 837 3712 ex
855 3665 926 3726 ὕπερ
945 3659 974 3711 Μ

76 3770 174 3818 14.15.
195 3768 357 3837 αποὸεοιτχο
377 3739 508 3830 ζωοποιά]
533 3765 562 3818 Μ
670 3771 710 3818 15.
731 3764 765 3817 cf.
784 3781 849 3834 pag.
865 3771 925 3831 523,
941 3771 973 3817 13

75 3841 116 3889 17.
137 3836 196 3906 ἀιλσ
214 3837 364 3905 οιλθεριον
382 3837 412 3889 Μ
492 3842 533 3892 18.
554 3854 585 3892 εκ
602 3835 648 3905 Μ·,
674 3835 970 3906 mmmm-11³
990 3842 1104 3898 mmm.

135 3907 275 3976 lylWWt,
296 3923 332 3959 0¹
350 3929 373 3977 ε’,
392 3908 425 3962 Μ
513 3916 557 3967 21.
577 3915 898 3982 ϋπομνητατιοοιρενων
912 3903 956 3955 Μ
