2394 4208
10 33 852 335 m

78 580 143 634 XIII
158 583 200 650 15]
345 581 393 635 DI}
412 580 669 636 AETERNITATE
688 580 809 636 MVNDI
1021 580 1087 645 523

77 743 228 827 γέγονεν·
253 742 289 808 ἐν
304 745 366 829 γάρ
381 752 426 831 τῷ
440 744 599 821 πολλάκις
612 742 879 827 μνημονευθέντι
891 741 895 831 1
908 746 1007 831 λόγφ,
1027 760 1067 801 τοι
1077 762 1140 801 21⁷1-

76 849 113 926 ὃς
142 848 375 935 ἐπιγέγραπται
404 850 587 928 ’ἐπίσκεψις
613 861 681 914 τῶν
707 849 792 937 πρὸς
820 850 1000 926 Πλάτωνος
1032 853 1086 914 Τί-

78 981 179 1040 μαιον
205 955 261 1021 ὑπ’
285 955 533 1042 Ἀριστοτέλους
561 956 828 1044 άντειρημένων’,
859 959 964 1034 πολύς
996 955 1087 1022 ἐστιν

76 1073 115 1148 τη
147 1063 327 1140 Πλάτωνος
356 1064 598 1148 παριστάμενος
629 1061 708 1148 δόξη
740 1061 795 1128 καὶ
826 1066 1085 1147 κατασκευάζων,

74 1169 120 1245 ὡς
148 1169 188 1233 οὐ
216 1167 291 1253 ξένη
320 1194 369 1246 τις
397 1181 465 1235 τῶν
491 1171 569 1255 τῇδε
598 1173 769 1254 στοιχείων
796 1169 816 1253 η
846 1179 906 1234 τοῦ
937 1170 1085 1256 οὐρανοῦ
1112 1194 1125 1236 ι

74 1276 177 1359 φύσις
205 1275 308 1360 ἐστίν,
336 1278 381 1354 ὡς
405 1275 630 1362 Ἀριστοτέλης
657 1280 771 1361 φησίν,
800 1275 870 1341 ἀλλ’
894 1276 929 1341 ἐκ
956 1277 1085 1342 τούτων

73 1381 225 1459 κάκεῖνος
244 1382 432 1466 συνέστηκε.
468 1385 704 1468 παραθήσομαι
728 1379 843 1447 δὲκαὶ
867 1382 1026 1448 ἐντεῦθεν
1048 1380 1084 1447 ἐκ

72 1492 207 1552 πολλῶν
231 1488 346 1572 ὀλίγας
369 1493 566 1575 μαρτυριάς,
590 1487 622 1566 ἐξ
647 1484 695 1554 ὧν
718 1491 809 1554 ἔστιν
829 1489 924 1573 ἰδεῖν,
943 1489 988 1566 ὡς
1007 1486 1079 1552 οὐδ’

73 1593 179 1682 ἑαυτῷ
213 1597 401 1679 συμφώνως
432 1597 472 1660 τδι
503 1594 578 1681 περὶ
609 1605 667 1679 τῆς
700 1595 880 1672 Πλάτωνος
917 1592 1015 1678 δόξης
1047 1593 1084 1660 ἐν

71 1712 142 1777 τοῖς
168 1701 398 1786 προκειμένοις
426 1701 444 1767 δ
473 1705 626 1788 Πρόκλος
654 1702 845 1787 διωρίσατο·
887 1699 991 1785 φησὶν
1019 1703 1081 1788 γάρ
1096 1725 1123 1764 ιο

73 1808 110 1872 έν
133 1816 179 1895 τῷ
202 1807 469 1892 μνημονευθέντι
493 1810 581 1896 λόγῳ
605 1807 658 1873 ε’πὶ
682 1807 799 1885 λέξεως
820 1817 924 1873 ταῦτα
947 1807 1000 1872 ὀὐ
1018 1810 1081 1895 γάρ

71 1913 252 1980 καυστικὸν
279 1914 316 1979 τὸ
347 1915 508 2000 οὐράνιον
534 1924 601 2000 πῦρ
625 1913 695 1979 ἀλλ’
719 1915 764 1992 ὡς
786 1913 829 1980 ἂν
851 1917 955 1998 έγωγε
978 1917 1083 1998 φαίην

72 2023 249 2103 ζωοποιόν,
276 2021 321 2097 ὡς
348 2020 403 2085 καὶ
432 2018 468 2085 τὸ
498 2021 536 2086 ἐν
564 2020 644 2105 ἡμῖν
671 2024 821 2105 ἔμφυτον
843 2022 981 2105 θερμόν.
1026 2018 1081 2085 καὶ

70 2126 172 2203 αὐτὸς
200 2125 237 2190 ἐν
264 2138 333 2204 τοῖς
359 2126 435 2212 περὶ
464 2126 622 2212 γενέσεως
651 2125 743 2214 ζῴων
770 2123 859 2192 εἷναί
879 2131 984 2211 φησίν
1007 2150 1082 2191 τινα

70 2237 243 2317 ἔλλαμῦιν,
271 2229 310 2317 ης
336 2234 508 2318 παρούσης
536 2237 593 2318 ζῆν
619 2244 687 2297 τῶν
709 2239 846 2316 θνητῶν
868 2231 1015 2299 ἕκαστον.
1061 2233 1121 2299 διι

69 2336 131 2422 μὲν
160 2334 222 2403 οὖν
251 2339 328 2416 ὅλος
356 2338 500 2425 οὐρανὸς
528 2338 563 2404 ἐκ
588 2348 649 2404 τοῦ
671 2341 827 2404 τοιοῦτον
849 2343 956 2425 πυρός
979 2339 1080 2423 ἐστιν,

69 2447 110 2508 τὰ
140 2442 176 2508 δέ
209 2447 312 2532 άστρα
341 2451 498 2511 πλεῖστον
527 2442 588 2530 μὲν
616 2449 680 2531 ἔχει
708 2456 807 2511 τοῦτο
835 2445 873 2511 τὸ
905 2457 1080 2531 στοιχεῖον,

69 2554 134 2634 ἔχει
160 2548 196 2616 δὲ
219 2551 274 2616 καὶ
297 2564 364 2616 τῶν
387 2555 497 2618 ἄλλων
519 2554 577 2629 τὰς
596 2552 801 2637 ἀκρότητας’·
823 2551 878 2617 καὶ
897 2551 964 2636 μετ’
984 2552 1081 2635 ὀλίγα

67 2656 135 2722 <καὶ
162 2661 229 2741 μὴν
256 2658 310 2723 καὶ
340 2661 368 2723 εί
394 2669 494 2724 τοῦτο
522 2658 750 2743 ἐννοήσαιμεν,
779 2659 829 2724 ὅτι
858 2669 898 2743 γῆ
926 2656 988 2744 μέν
1011 2660 1080 2725 ἐπι-

66 2775 179 2829 σκοτεῖ
201 2775 303 2830 πᾶσιν
325 2777 396 2842 τοῖς
419 2770 621 2850 φωτίζουσιν
643 2763 698 2830 καὶ
722 2767 820 2830 σκιάν
842 2765 1009 2850 ἀποτελεῖ,
1038 2767 1079 2831 τὰ
1092 2788 1120 2828 ιο

70 2868 107 2935 δέ
138 2871 221 2955 μέσα
253 2882 313 2955 γῆς
345 2870 399 2936 καὶ
431 2871 538 2957 πυρὸς
570 2872 716 2956 διαφανῆ
754 2873 836 2936 κατά
871 2874 932 2956 την
968 2872 1079 2937 αὑτῶν

68 2979 176 3060 φύσιν
204 2978 335 3041 δεκτικά
364 2977 454 3043 ἐστιν
482 2977 689 3063 ἀμφοτέρων,
717 2981 856 3056 σκότους
878 2977 933 3043 καὶ
957 2982 1079 3064 φωτός,

67 3083 122 3147 καί
151 3084 329 3169 οὐδετέρου
357 3087 485 3150 τούτων
512 3090 601 3149 αίτια
628 3095 697 3161 τοῖς
725 3087 884 3169 σώμασιν,
912 3088 1017 3169 μόνον
1041 3083 1078 3152 δὲ

67 3188 105 3253 τὸ
130 3199 196 3274 πῦρ
220 3189 420 3274 παρεκτικὸν
443 3193 567 3275 φωτός,
586 3192 631 3267 ὡς
648 3191 669 3274 η
688 3201 729 3275 γῆ
749 3193 903 3275 σκότους,
921 3197 1079 3257 πλεῖστον

68 3295 220 3378 αλλήλων
257 3296 433 3381 ἀπέχοντα,
470 3298 637 3381 μάθοιμεν
674 3299 730 3380 ἄν,
763 3297 851 3375 ὅπως
883 3297 937 3363 καὶ
969 3301 1009 3364 τὰ
1041 3299 1077 3364 έν
1091 3322 1118 3363 ιι

66 3401 201 3489 οὐρανῷ
225 3404 328 3488 πύρια
350 3405 411 3486 την
435 3405 540 3487 φύσιν
563 3403 664 3468 ἐστίν·
689 3403 739 3468 ὅτι
763 3401 910 3490 μὲνγὰρ
934 3409 1077 3491 φωτίζει,

66 3510 219 3595 καθάπερ
242 3508 279 3574 τὸ
303 3509 382 3595 τῇδε
404 3519 486 3596 πῦρ,
511 3511 626 3594 δῆλον·
650 3511 679 3574 ελ
703 3506 740 3575 δέ
763 3510 960 3598 ἀμφοτέρων
977 3522 1076 3578 τοῦτο

138 3742 161 3789 6.
182 3736 266 3790 Arist.
282 3737 317 3790 de
335 3738 439 3791 mundo
454 3744 470 3790 κ
484 3756 510 3807 p.
522 3743 597 3792 392a
611 3744 634 3791 8.
655 3737 689 3791 ef.
705 3739 739 3792 de
754 3738 832 3793 caelo
847 3745 868 3792 A
882 3746 898 3793 3
912 3758 939 3809 p.
951 3740 1025 3794 270b
1041 3744 1075 3794 20

138 3813 162 3859 7.
182 3809 360 3879 ovvsovnnsIv
378 3810 429 3878 en]
447 3809 476 3861 M
559 3810 822 3882 11.τῷρίλτοδλ
900 3817 949 3862 υἱ.
965 3826 1092 3870 mmx-

65 3897 118 3930 κον
138 3878 170 3929 Μ
298 3884 339 3932 14,
365 3879 398 3933 cf.
423 3879 510 3935 Arist.
536 3880 573 3937 de
595 3881 689 3954 planffl.
712 3888 770 3936 AI
792 3880 921 3963 QUIN
939 3883 978 3929 ‘xis

55 3953 96 3995 15,
116 3948 169 4012 ζῇν
186 3947 227 3999 sic
244 3949 278 4000 M
366 3952 459 4025 τίώλν,
481 3970 516 4010 ex
536 3975 584 4027 ον,
602 3955 636 4010 M
