2394 4208
79 587 145 643 xv1
161 589 188 660 1]
345 588 394 643 οε
412 588 669 644 mamm
687 589 809 645 mm
1021 590 1085 656 σοι

77 762 118 837 τῇ
150 754 229 838 περί
255 775 346 829 τινος
377 761 437 816 τοῦ
469 758 554 817 θεοῦ
588 755 747 836 βουλήσει
778 752 884 831 εὐθὺς
917 751 973 818 καὶ
1006 754 1087 819 ἀνευ

78 859 170 934 τινὸς
191 860 456 943 προσδιορισμοῦ
479 857 613 923 κάκεῖνο
635 854 721 923 εἶναι
740 857 881 944 ἀνάγκη,
899 860 944 937 ὡς
962 859 981 924 ό
996 861 1088 945 Πρό-

78 969 157 1041 κλος
188 965 399 1049 ὑποτίθεται,
435 974 505 1041 πῶς
540 963 665 1048 ὑπέστη
698 969 796 1029 κακία
826 973 886 1029 τοῦ
918 971 1004 1030 θεοῦ
1036 964 1087 1031 ἀεὶ

77 1069 288 1154 βουλομένου
318 1072 361 1154 μὴ
393 1065 479 1135 εἶναι
509 1069 614 1154 αὐτὴν
643 1068 698 1135 καὶ
727 1070 834 1135 πάντα
861 1070 973 1154 ἀγαθά
1000 1067 1086 1139 εἶναι

79 1177 131 1242 ἀεὶ
157 1176 332 1256 θέλοντος,
362 1188 431 1253 πῶς
455 1175 484 1241 δ’
508 1176 549 1242 οὐ
571 1186 661 1242 πᾶσα
682 1178 771 1262 ψυχὴ
796 1175 847 1242 ἀεὶ
869 1187 930 1243 τοῦ
953 1177 1085 1261 ἀγαθοῦ
1113 1205 1126 1246 ε

80 1283 247 1368 ἀντέχεται
278 1282 329 1348 ἀεὶ
358 1283 567 1367 βουλομένου
599 1292 660 1349 τοῦ
689 1289 775 1349 θεοῦ
807 1281 948 1368 ἑκάστην
975 1287 1087 1370 ψυχὴν

78 1389 214 1474 ἀγαθὴν
241 1386 327 1455 εἶναι
352 1390 388 1455 ἐκ
409 1388 633 1476 προαιρέσεως
655 1391 693 1454 τὸ
717 1389 849 1473 ἀγαθὸν
872 1390 1086 1476 αλρουμένην;

78 1496 99 1580 ἢ
123 1499 186 1583 γάρ
210 1498 342 1562 διδόναι
365 1496 469 1561 αὐτὸν
491 1495 616 1581 ἀνάγκη
635 1496 673 1561 τὸ
692 1497 736 1581 μὴ
756 1495 806 1561 ἀεὶ
824 1497 1009 1579 βούλεσθαι
1028 1498 1088 1563 τὸν

78 1605 165 1669 θεὸν
194 1603 231 1669 έν
261 1603 379 1691 ἀγαθῷ
410 1599 496 1668 εἶναι
523 1605 582 1680 τὰς
607 1603 730 1688 ψυχάς,
759 1602 846 1668 οὕτω
874 1599 912 1668 δὲ
938 1603 993 1669 καὶ
1020 1615 1088 1669 τῶν

77 1720 190 1775 κακῶν
212 1709 255 1774 ἀν
277 1716 326 1794 εἴη
351 1716 470 1794 αἴτιος,
492 1712 529 1794 ἤ,
552 1715 643 1796 είπερ
662 1719 760 1775 τοῦτο
779 1711 914 1794 άτοπον,
932 1711 1087 1792 βούλεται
1101 1737 1128 1778 ιο

79 1813 117 1882 δὲ
140 1817 242 1894 αὐτάς
264 1814 318 1881 έπὶ
341 1817 378 1881 τὸ
407 1815 539 1899 ἀγαθὸν
561 1814 613 1881 ἀεὶ
635 1817 693 1893 τὰς
716 1816 804 1893 ίδίας
827 1816 930 1902 ὁρμάς
953 1815 1087 1882 ἀποκλί-

78 1947 152 1988 νειν
173 1922 229 1988 καὶ
252 1933 310 2007 της
331 1926 447 2000 κακίας
469 1918 552 2006 μηδὲ
573 1920 651 1987 καθ’
675 1922 791 1987 ὁτιοῦν
813 1921 970 2008 μετέχειν,
987 1932 1086 1988 τοῦτο

78 2026 117 2095 δὲ
140 2031 201 2094 οὐκ
225 2028 276 2095 ἀεὶ
299 2033 436 2113 γίνεται,
459 2029 521 2094 οὐκ
544 2031 608 2115 ἀρα
626 2031 693 2113 ἅμα
710 2036 757 2117 τῷ
774 2030 963 2111 βούλεσθαί
976 2053 1009 2094 τι
1027 2029 1088 2095 τὸν

77 2137 164 2201 θεὸν
185 2137 316 2213 πάντως
338 2136 471 2201 κάκεῖνο
496 2130 581 2201 εἶναι
605 2135 731 2220 ἀνάγκη
755 2133 840 2222 (ἐπεὶ
858 2134 914 2201 καὶ
931 2137 1087 2218 βούλεται

78 2242 186 2330 ἑαυτῷ
215 2244 323 2308 πάντα
353 2238 439 2308 εἶναι
468 2245 694 2328 παραπλήσια,
721 2243 767 2319 ὥς
790 2259 896 2326 φησιν
918 2240 1086 2330 Πλάτων),
1101 2268 1127 2309 ιε

77 2348 149 2414 ἀλλ’
178 2351 222 2427 ὡς
249 2350 269 2434 ἡ
298 2347 437 2415 ἑκάστου
466 2350 622 2432 δηλονότι
650 2349 753 2432 φύσις
781 2350 843 2431 την
871 2349 955 2434 πρὸς
984 2349 1087 2414 αὐτὸν

77 2455 240 2540 ὁμοίωσιν
263 2454 422 2533 δέξασθαι
441 2456 592 2538 δύναται,
611 2454 716 2532 οὕτως
733 2453 789 2520 καὶ
808 2453 944 2539 δέχεται.
981 2455 1087 2534 οὕτως

78 2556 142 2626 οὖν
169 2559 223 2625 καὶ
250 2571 318 2625 τῶν
344 2570 490 2644 μερικῶν
516 2558 657 2625 ἕκαστον
683 2561 839 2642 βούλεται
866 2559 1024 2643 γενέσθαι
1051 2585 1087 2628 τε

77 2667 134 2733 καὶ
158 2663 244 2732 εἶναι
267 2667 285 2732 ὁ
308 2670 403 2743 θεός·
433 2666 533 2744 αὐτὸς
555 2675 640 2749 γοῦν
663 2665 753 2732 ε’στιν
775 2669 858 2732 κατά
880 2669 1045 2733 Πλάτωνα
1068 2668 1086 2735 ὁ

76 2785 149 2851 τοῖς
171 2773 344 2859 οὐρανίοις
367 2773 404 2838 έν
431 2777 556 2861 Τιμαίῳ
579 2776 884 2858 παρακελευόμενος
905 2773 1085 2860 τρέπεσθαι
1099 2800 1127 2841 το

78 2880 132 2946 ἐπὶ
154 2883 215 2964 τὴν
238 2890 305 2944 τῶν
327 2887 465 2963 θνητῶν
488 2876 581 2966 ζςόωυ
602 2881 833 2965 δημιουργίαν.
866 2879 949 2945 ἀλλά
968 2882 1087 2964 δηλον-

79 2991 145 3071 ότι,
174 2988 228 3052 ὅτε
256 2988 307 3051 δεῖ
329 2985 384 3051 καὶ
407 2985 556 3070 πέφυκεν
578 2985 718 3051 ἕκαστον
739 2996 808 3051 τῶν
829 2997 975 3072 μερικῶν
999 2991 1086 3071 γίνε-
1171 3027 1175 3036 ·

76 3101 175 3179 σθαι,
203 3096 276 3160 τότε
303 3092 358 3158 καὶ
387 3088 473 3157 εἶναι
500 3092 584 3157 αὐτά
608 3094 777 3174 βούλεται·
814 3093 855 3158 οὐ
878 3095 941 3179 γάρ
963 3091 967 3179 λ
988 3093 1006 3158 ό
1025 3110 1139 3153 τουτον.

79 3201 258 3287 Σωκράτης
285 3198 366 3285 πρὶν
389 3203 636 3285 Σωφρονίσκου
659 3198 832 3283 γενέσθαι,
855 3197 1013 3284 ἐπεφύκει
1036 3203 1086 3283 γί-

75 3314 215 3391 νεσθαι,
238 3306 322 3371 ἀλλὰ
344 3304 399 3370 καὶ
421 3304 503 3391 πρὶν
526 3304 684 3389 γενέσθαι
707 3309 967 3391 Σωφρονίσκον,
991 3292 1089 3389 έβούῙ
1100 3332 1126 3373 τι

78 3418 152 3478 λετο
175 3415 255 3489 θεὸς
278 3413 463 3498 Σωκράτην
485 3411 658 3496 γενέσθαι,
684 3410 754 3476 ἀλλ’
778 3412 840 3496 οὐχ
863 3411 974 3489 ἁπλῶς
996 3412 1086 3496 γενέ-

77 3527 159 3585 σθαι
195 3518 215 3602 ἢ
249 3517 299 3583 ἀεὶ
334 3517 506 3602 γενέσθαι,
543 3517 613 3583 ἀλλ’
647 3518 700 3583 ὅτε
736 3517 893 3601 γενέσθαι
929 3519 1085 3602 ἠδύνατο.

76 3626 184 3702 οὕτως
207 3620 270 3691 οὖν
291 3624 347 3690 καὶ
370 3624 451 3711 πρὶν
472 3625 510 3689 τὸ
529 3623 729 3709 τεταγμένου
747 3632 905 3708 γενεσθαι
924 3626 1084 3709 ἠβούλετο

149 3824 172 3872 6.
192 3818 389 3890 βουλλολμενου
408 3818 437 3871 Μ
544 3823 568 3872 8.
588 3836 673 3881 αντος
691 3817 723 3871 Μ
739 3820 790 3884 (οἳ.
806 3819 853 3885 ηδ
954 3816 1104 3866 ΧῶῖἳΧει..

76 3887 145 3941 Tim.
167 3889 228 3941 νοῶ
318 3895 358 3942 20.
378 3888 451 3944 Plat.
472 3887 545 3945 Tim.
564 3888 629 3945 τοῦ
721 3893 772 3942 τε.
787 3887 860 3940 {om
878 3884 942 3953 Q
959 3881 1037 3936 mm

66 3960 128 4025 αλίλ
148 3959 261 4029 aalma.
284 3959 402 4033 νόημ’
424 3962 457 4017 Μ
