2394 4208
784 48 788 53 “
857 40 869 77 Τ

10 39 852 347 -

75 536 121 592 τι
134 536 180 610 τι]
345 535 394 591 οε
411 536 668 592 mmmmm
687 536 808 592 mmm
1019 535 1086 602 223

153 703 262 765 Ταῦτα
284 697 346 784 μὲν
369 696 431 766 οὖν
449 698 675 788 Ἀριστοτέλης
695 698 750 765 καί
769 699 787 765 ὁ
806 701 927 766 τούτου
945 702 1088 785 μα’λιστα

75 809 142 892 τὴν
164 807 319 873 διάνοιαν
341 806 378 872 έν
400 817 470 884 τοῖς
493 808 540 885 είς
563 807 665 871 αὐτὸν
682 806 917 892 ὑπομνήμασιν
935 807 1086 893 ἀνιχνεῦ·

78 933 142 991 σας
159 911 383 1001 Ἀλέξανδρος.
418 912 659 1000 καὶπρότερον
682 911 719 979 δὲ
742 913 778 978 έν
802 905 853 991 αἷς
870 912 1086 999 παρεθέμεθα

79 1024 217 1106 χρήσεσι
240 1029 302 1086 τοῦ
325 1024 545 1085 Πλατωνικοῦ
573 1021 704 1104 Ταύρου
729 1019 765 1084 έκ
787 1031 854 1085 τῶν
876 1022 924 1097 εἰς
947 1024 1086 1104 Τίμαιον

78 1126 326 1210 ὑπομνημάτων
357 1126 461 1211 δῆλον
493 1125 645 1209 γέγονεν,
678 1127 722 1202 ὡς
753 1125 871 1191 πολλοὶ
903 1125 957 1192 καὶ
990 1129 1085 1192 όίλλοι
1111 1149 1127 1190 ε

79 1245 148 1300 τῶν
184 1236 383 1318 φιλοσόφων
418 1234 541 1316 ταύτην
576 1235 675 1316 ἔσχον
705 1232 781 1316 περὶ
814 1234 995 1311 Πλάτωνος
1025 1236 1087 1317 τὴν

79 1339 192 1423 δόξαν,
216 1339 257 1404 οὐ
280 1349 393 1424 χεῖρον
416 1337 446 1403 θ’
471 1346 549 1416 ἴσως
571 1337 626 1403 καί
649 1333 750 1416 αὖθις
772 1340 812 1403 τὰ
835 1339 918 1404 αὐτὰ
939 1338 1086 1426 παραθέ-

81 1453 177 1513 σθαι·
205 1445 293 1529 λέγει
321 1448 383 1531 γὰρ
411 1445 429 1511 ὁ
458 1449 586 1532 Ταῦρος
614 1446 719 1522 οὕτως
742 1445 954 1530 “ζητουμέυον
978 1445 1030 1530 δέ,
1056 1448 1086 1511 εί

81 1556 164 1619 κατὰ
197 1554 361 1617 Πλάτωνα
393 1551 554 1636 ἀγένητον
586 1553 603 1618 ὁ
636 1554 773 1636 κόσμος,
810 1553 980 1639 διαφόρως
1010 1551 1085 1636 περί

81 1662 204 1726 τούτου
232 1660 264 1724 ολ
292 1662 476 1743 φιλόσοφοι
504 1657 736 1743 διηνέχθησαν.
777 1655 1003 1744 Ἀριστοτέλης
1025 1655 1086 1742 μὲν
1100 1681 1127 1722 ιο

81 1762 145 1833 οὖν
169 1784 273 1850 φησιν
296 1764 405 1849 λέγειν
428 1766 486 1830 τὸν
514 1768 653 1849 Τίμαιον
675 1765 815 1848 γενητὸν
838 1759 923 1829 εἶναι
950 1765 1009 1828 τὸν
1031 1767 1086 1828 κό-

81 1892 183 1958 σμον,
210 1881 270 1937 τοῦ
299 1875 438 1956 Τιμαίου
465 1870 622 1954 λέγοντος
645 1871 832 1956 γεγονέναι·
863 1870 919 1936 καί
943 1871 1004 1955 γὰρ
1028 1869 1086 1953 φέ-

80 2003 173 2065 ρεται
196 1977 300 2042 αὐτοῦ
324 1978 522 2064 σύγγραμμα
543 1975 619 2063 περί
642 1986 701 2042 τοῦ
724 1979 846 2054 παντὸς
870 1977 914 2053 ὡς
937 1984 1086 2059 γενητοῦ.

81 2085 137 2152 καὶ
163 2087 377 2169 Θεόφραστος
399 2082 513 2168 μέντοι
537 2082 573 2147 έν
596 2091 641 2171 τῷ
664 2083 740 2169 περὶ
763 2094 830 2148 τῶν
853 2093 1008 2166 φυσικῶν
1031 2083 1086 2146 θο-

80 2192 149 2271 ξῶν
178 2193 260 2256 κατὰ
291 2191 454 2254 Πλάτωνά
484 2208 588 2274 φησιν
618 2190 756 2273 γενητὸν
785 2191 845 2255 τὸν
874 2193 1000 2273 κόσμον
1031 2186 1086 2253 καὶ
1100 2211 1127 2252 ιε

80 2299 188 2375 οὕτως
219 2306 361 2362 ποιεῖται
392 2297 450 2374 τὰς
482 2296 663 2379 ἐνστάσεις,
694 2299 915 2381 παρεμφαίνει
947 2294 999 2378 θέ,
1036 2294 1087 2360 ότι

82 2411 162 2481 ἴσως
185 2406 367 2487 σαφηνείας
389 2403 487 2488 χάριν
509 2404 648 2486 γενητὸν
671 2403 773 2469 αὐτὸν
795 2403 998 2468 ὑποτίθεται.
1032 2399 1087 2465 καί

80 2512 177 2575 ἄλλοι
206 2509 247 2574 δέ
270 2532 357 2586 τινες
386 2510 491 2586 οὕτως
518 2508 718 2594 ἠνέχθησαν,
746 2509 796 2574 ὅτι
819 2512 901 2574 κατὰ
924 2509 1087 2573 Πλάτωνα

79 2616 234 2700 γενητός,
258 2615 290 2679 ολ
314 2613 364 2699 δέ,
389 2614 439 2680 ὅτι
463 2614 640 2699 ἀγένητος.
686 2614 853 2699 ἐμάθομεν
876 2609 939 2679 οὖν
961 2612 1016 2679 καὶ
1035 2612 1087 2678 έν-

77 2728 215 2805 τεῦθεν,
238 2722 282 2799 ὡς
304 2725 425 2787 πολλοί
445 2745 479 2786 τε
503 2724 597 2787 ἄλλοι
620 2733 688 2786 τῶν
710 2725 908 2805 φιλοσόφων
930 2719 985 2785 καί
1006 2722 1086 2784 Θεό·
1100 2742 1127 2782 ιο

80 2847 230 2913 φραστος
256 2830 295 2892 τὰ
323 2828 406 2892 αὐτὰ
432 2827 507 2915 περὶ
530 2829 711 2905 Πλάτωνος
736 2828 934 2912 ἀπεφήνατο.
979 2830 1086 2891 καίτοι

80 2958 119 3018 γε
149 2935 377 3020 Θεόφραστος,
407 2935 451 3011 ὥς
481 2952 599 3019 φησιν,
628 2931 794 3021 έπειΙροίθη
819 2933 1024 3017 ἀπολογήσα-
1040 2948 1141 2990 fomov.

80 3047 178 3124 σθαι,
201 3043 324 3125 μήποτε
348 3043 529 3124 σαφηνείας
551 3040 663 3106 ἕνεκεν
686 3041 824 3124 γενητὸν
842 3040 944 3105 αὐτὸν
963 3039 1086 3104 ‹5112ae-

79 3171 149 3212 των
167 3145 321 3212 ὑπέθετο.
358 3144 428 3211 ἀλλ’
452 3145 568 3231 ἐφεξῆς
590 3148 691 3212 πόλιν
714 3146 731 3211 ὁ
756 3146 854 3224 αὐτὸς
877 3150 1005 3230 Ταῦρος
1026 3168 1086 3211 πα-

79 3257 254 3338 ρατίθεται
282 3255 341 3318 τὸν
371 3257 586 3337 Θεόφραστον
614 3253 816 3338 ἀναιροῦντα
843 3255 903 3336 τὴν
929 3252 1087 3334 τοιαύτην
1100 3274 1126 3318 τε

79 3360 260 3425 ὑπόθεσιν·
288 3357 375 3441 λέγει
403 3367 487 3442 γοῦν
514 3356 581 3441 μετ’
606 3358 701 3442 ὀλίγα
728 3369 795 3423 τῶν
823 3355 1087 3442 προεκκειμένων

155 3523 179 3569 1.
204 3514 316 3582 dubito,
341 3533 408 3568 num
434 3515 663 3570 commentan'um
687 3515 715 3568 in
739 3514 898 3568 Aristotelis
923 3514 1014 3567 locum
1040 3531 1086 3568 ex-

82 3586 185 3642 ciderit
266 3593 289 3640 2.
310 3592 334 3639 3.
354 3602 500 3655 ανιχεοσας
518 3586 547 3639 Μ
627 3593 651 3640 3.
670 3583 816 3653 πρότερον
842 3602 906 3655 pag.
923 3590 1085 3675 1315,13⁸q.

155 3699 179 3746 7.
196 3659 250 3746 ’ίσοξ
269 3691 298 3744 M
370 3698 394 3744 9.
414 3689 547 3761 ἀγένητός
565 3690 638 3746 ἐστιν
657 3691 672 3746 ὁ
693 3698 751 3759 145,
766 3697 800 3744 14
869 3697 909 3745 10,
924 3689 1086 3761 ἠνέχθησαν

81 3769 192 3833 145,15
249 3769 290 3816 13.
309 3766 374 3832 pont
391 3771 507 3832 γενητοῦ
525 3778 589 3832 pag.
606 3767 665 3830 145,
681 3769 712 3815 19
732 3762 845 3816 additur
864 3762 932 3826 ἴσως
947 3760 980 3816 δὲ
996 3769 1093 3817 τοιοῦ-

77 3835 130 3890 τόν
155 3854 183 3888 τι
209 3832 294 3902 λέγων
319 3836 418 3901 (λεγειν
437 3834 479 3903 Μ)
503 3832 519 3890 ό
543 3831 696 3902 Πλάτωνος
721 3833 842 3910 Τίμαιος
868 3831 991 3910 γενητόν
1018 3849 1110 3904 φησιν

77 3908 128 3958 τόν
143 3902 247 3966 κόσμον
316 3909 356 3956 14.
380 3902 575 3974 θεόφραστοιτ
607 3908 641 3967 cf.
663 3910 757 3986 Diels,
773 3913 909 3986 Doxogx.
926 3929 959 3983 ρ.
974 3913 1032 3964 &Qb
