2394 4208
569 110 609 175 ·i

554 146 627 219 σ,ι

62 566 140 620 xvn
157 567 184 638 1]
330 565 379 622 οο
397 566 655 622 mmmm
672 565 793 622 mm
1005 564 1100 630 593-

64 727 169 812 φησὶν
187 731 250 815 γὰρ
270 728 396 807 ἐκεῖνος
413 739 480 794 πᾶν
499 725 584 795 εἶναι
603 730 640 794 τὸ
660 727 822 814 ἀγένητον
844 728 1072 813 ἀδιάφθορον·

63 838 99 900 ἔκ
128 859 162 899 τε
190 830 266 900 οὖν’
280 836 401 900 τούτου
429 834 484 901 καὶ
507 834 543 900 ἐκ
565 845 626 901 τοῦ
648 845 715 900 πᾶν
737 835 774 900 τὸ
798 836 938 920 γενητὸν
960 841 1072 920 φθαρ-

63 943 123 1006 τὸν
155 937 240 1006 εἶναι
273 942 425 1026 συνάγει,
463 941 514 1007 ότι
546 943 622 1007 οὔτε
654 943 691 1008 τὸ
724 943 879 1026 φθαρτὸν
911 940 1072 1025 ἀγένητον

63 1044 148 1113 εἶναι
177 1046 341 1132 ἐνδέχεται
370 1048 446 1113 οὔτε
473 1049 511 1112 τὸ
542 1049 718 1135 ἄφθαρτον
741 1050 892 1132 γενητόν,
915 1049 959 1124 ὡς
982 1047 1072 1112 ἀντι-

64 1153 220 1240 οτρέφειν
249 1152 405 1238 ἑκατέραν
428 1153 629 1238 ἀπόφανσιν,
657 1153 711 1218 καὶ
735 1155 844 1240 ὥσπερ
868 1163 936 1218 πᾶν
957 1154 994 1218 τὸ
1018 1177 1071 1237 γε·
1098 1179 1111 1220 ο

63 1263 165 1344 νητὸν
193 1263 358 1345 φθαρτόν,
386 1260 473 1326 οὕτω
501 1259 556 1326 καὶ
583 1270 650 1325 πᾶν
676 1261 713 1325 τὸ
741 1261 898 1346 φθαρτὸν
920 1262 1071 1344 γενητόν,
1151 1244 1157 1255 ’

62 1366 116 1431 καὶ
144 1368 244 1432 πᾶλιν
272 1368 382 1454 ὥσπερ
409 1377 477 1432 πᾶν
507 1366 667 1451 ἀγένητον
690 1369 877 1453 ἄφθαρτον,
906 1365 1071 1431 οὕτωκαὶ

62 1484 129 1537 πᾶν
157 1475 335 1559 ἄφθαρτον
361 1471 532 1557 ἀγένητον.
578 1473 628 1538 ότι
655 1470 717 1557 μὲν
740 1467 803 1538 οὖν
825 1482 893 1537 πᾶν
915 1474 1071 1558 φθαρτὸν

63 1582 213 1663 γενητόν,
241 1589 280 1665 τῇ
309 1582 356 1656 εἰς
383 1581 508 1644 ἄτοπον
537 1579 693 1666 ἀπαγωγῇ
720 1580 781 1644 τὸν
803 1581 928 1666 τρόπον
950 1588 1071 1644 τοῦτον

63 1690 310 1769 συνελογίσατο.
347 1687 376 1751 εἰ
399 1687 462 1769 γάρ
486 1686 530 1770 μὴ
552 1696 619 1751 πᾶν
641 1687 799 1772 φθαρτὸν
821 1687 971 1769 γενητόν,
995 1683 1065 1749 ἀλλ’
1084 1712 1111 1752 ιο

62 1791 255 1877 ἐνδέχεσθαι
275 1791 365 1876 λέγοι
384 1815 434 1868 τις
457 1787 542 1857 εἶναι
556 1790 587 1857 τὶ
603 1793 758 1876 φθαρτὸν
772 1791 943 1876 ἀγένητον,
957 1789 1069 1874 ἐπειδὴ

62 1898 117 1962 καὶ
144 1909 211 1964 πᾶν
237 1898 399 1983 ἀγένητον
428 1899 605 1984 ἄφθαρτόν
632 1899 733 1982 ἐστιν,
764 1898 929 1983 ἐνδέχεται
952 1899 1016 1983 ἄρα
1037 1896 1070 1963 τὶ

61 2007 218 2091 φθαρτὸν
241 2007 418 2091 ἄφθαρτον
441 2000 527 2070 εἶναι
550 2007 632 2070 κατὰ
654 2006 713 2070 τὸν
734 2009 847 2091 τρίτον
865 2006 991 2089 τρόπον
1009 2013 1069 2069 τοῦ

61 2110 96 2175 α’
121 2115 295 2197 σχήματος·
332 2115 424 2176 ἔστιν
453 2113 516 2195 γᾶρ
545 2111 563 2177 ὁ
594 2114 815 2196 συλλογισμὸς
837 2121 1002 2188 τοιοῦτος·
1038 2109 1069 2176 τὶ

62 2219 218 2303 φθαρτὸν
242 2217 412 2301 ἀγένητον,
436 2227 503 2282 πᾶν
526 2216 687 2303 ἀγένητον
710 2220 888 2303 ἄφθαρτον
910 2219 942 2301 <,
955 2216 987 2282 τὶ
1006 2219 1070 2304 ἄρα
1084 2243 1109 2284 ιτ

61 2325 217 2410 φθαρτὸν
240 2325 452 2408 ἄφθαρτον>·
486 2324 566 2408 ὅπερ
592 2326 724 2390 ἄτοπον.
770 2325 832 2390 οὐκ
855 2325 919 2410 ἄρα
942 2323 1069 2409 ἐνδέχε-

60 2454 114 2493 ται
142 2429 174 2493 τὶ
203 2431 358 2514 φθαρτὸν
385 2429 547 2513 ἀγένητον
574 2426 668 2496 εἶναι.
714 2434 744 2497 ελ
773 2428 810 2496 δὲ
833 2427 934 2496 οὐδὲν
958 2437 1068 2515 φθαρ-

60 2537 121 2600 τὸν
149 2535 320 2621 ἀγένητον,
348 2536 473 2620 ἀνάγκη
503 2534 540 2602 δὲ
567 2536 586 2620 ἢ
611 2538 751 2621 γενητὸν
773 2547 840 2602 πᾶν
862 2537 882 2621 ἢ
907 2536 1069 2620 ἀγένητον

61 2639 161 2726 εἶναι,
191 2653 257 2708 πᾶν
288 2645 351 2728 ἄρα
381 2645 538 2728 φθαρτὸν
566 2645 707 2726 γενητόν
735 2642 826 2708 ἐστιν
854 2642 886 2720 ἐξ
914 2643 1067 2727 ἀνάγκης.

60 2749 182 2833 ὁμοίως
213 2747 242 2813 θ’
273 2749 323 2814 ότι
353 2748 408 2814 καὶ
438 2759 504 2814 πᾶν
532 2751 709 2835 ἄφθαρτον
736 2748 897 2832 ἀγένητον
925 2750 981 2813 διὰ
1007 2758 1067 2815 τοῦ
1082 2776 1109 2816 ιο

58 2855 164 2919 αὐτοῦ
194 2859 319 2942 τρόπον
350 2852 555 2942 συνήλγαγεν.
601 2857 630 2920 ελ
657 2857 719 2942 γὰρ
748 2853 839 2938 λέγοι
862 2879 912 2931 τις
935 2854 987 2919 ἐν·
1004 2873 1121 2913 foLmv·

59 2960 215 3044 δέχεσθαι
252 2959 284 3026 τὶ
323 2964 500 3047 ἄφθαρτον
536 2962 676 3045 γενητὸν
712 2957 815 3044 εἶναι,
852 2961 964 3044 ἐπειδὴ
1001 2970 1068 3025 πᾶν

60 3069 202 3150 γενητὸν
230 3070 396 3152 φθαρτόν,
423 3067 454 3133 τὶ
483 3071 547 3152 ἄρα
573 3069 751 3154 ἄφθαρτον
781 3070 949 3153 φθαρτόν·
986 3067 1065 3152 ὅπερ

57 3173 192 3236 ἄτοπον.
239 3175 268 3237 ελ
296 3168 358 3238 οὖν
385 3182 484 3239 τοῦτο
512 3174 647 3257 ἄτοπον,
675 3170 776 3238 οὐδὲν
806 3175 868 3259 ἄρα
891 3176 1068 3258 ἄφθαρτον

58 3281 217 3362 γενητόν·
240 3287 338 3343 τοῦτο
363 3280 424 3363 γὰρ
448 3279 484 3342 τὸ
510 3280 635 3344 ἄτοπον
657 3280 895 3363 ἠκολούθησεν.
941 3279 1066 3344 οὐκοῦν
1080 3305 1106 3346 ιτ

56 3394 126 3449 πᾶν
150 3385 326 3471 ἄφθαρτον
348 3383 517 3468 ἀγένητον.
560 3385 723 3451 δέδεικται
748 3387 826 3472 ἄρα,
849 3386 899 3451 ότι
923 3385 978 3451 καὶ
1000 3396 1067 3451 πᾶν

57 3492 215 3576 φθαρτὸν
238 3490 378 3573 γενητὸν
400 3489 454 3555 καὶ
480 3491 529 3557 ὅτι
552 3502 619 3558 πᾶν
637 3494 814 3578 ἄφθαρτον
835 3490 1004 3575 ἀγένητον.
1037 3494 1066 3557 εἰ

131 3722 153 3769 1.
173 3717 245 3770 Plat.
265 3716 382 3772 phaedr.
402 3717 484 3771 2451)
556 3725 581 3772 4.
597 3725 621 3772 5.
641 3735 833 3788 ανστιτρεφειν
853 3719 882 3771 Μ
953 3725 977 3773 5.
994 3716 1064 3772 ἀπό-

56 3788 175 3859 φανσιν]
194 3804 345 3857 αποφασον
363 3788 405 3856 Μ;
424 3786 569 3857 ἀπόφασιν
587 3792 620 3859 pt
706 3796 747 3844 15.
763 3796 806 3844 1⁴3.
823 3791 853 3843 τὶ
866 3821 900 3830 -
918 3789 1077 3856 ἄφθαρτον

51 3859 126 3999 3ng
165 3864 239 3998 2123}
258 3859 433 3931 ἀφθαρτλολν
450 3859 480 3913 Μ
554 3866 597 3917 θ1.
612 3868 658 3919 2‘2.
678 3862 892 3934 thtffioXhm,
907 3853 1045 3919 01sz

87 3971 92 3981 ,
127 3949 165 3981 κα

91 4024 200 4066 Ioum
213 4027 376 4072 Pmorom
391 4032 427 4074 οιλ
445 4034 540 4080 Βιθε.
924 4016 969 4066 ῃ
