2394 4208
75 535 124 592 vn
138 542 180 593 ιι.
196 538 243 610 ιε]
337 537 385 591 1)ss
403 537 662 592 ΑΕΤΕιιΝΙΤΑΤιι
680 537 802 592 MVNDI
1014 539 1080 605 285

76 702 179 784 μόνον
206 702 244 765 τὸ
271 699 371 786 μέρος
398 704 540 784 κινήσει,
568 696 610 767 οὐ
637 700 693 766 καὶ
721 704 869 785 ἅπτεται,
902 700 957 766 καλ
984 704 1013 767 εί
1040 703 1078 767 τὸ

75 807 155 873 ὅλον
178 807 219 872 οὐ
243 811 459 892 κινηθήσεται
483 805 562 873 οὐδὲ
585 819 652 874 τῶν
675 813 802 874 λοιπῶν
823 812 951 893 μορίων
969 807 1078 874 οὐδέν.

138 911 203 997 ηί.
228 915 320 999 Πρὸς
343 911 381 979 δέ
403 915 535 991 τούτοις
557 914 684 999 ἀνάγκη
707 938 773 980 που
792 925 881 981 πᾶσα
898 914 918 998 ή
937 925 995 999 τῆς
1012 925 1080 979 τῶν

75 1019 384 1106 εὐθυφορουμένων
425 1022 585 1105 σωμάτων
622 1022 738 1098 οὐσίας
775 1017 861 1086 εἶναι
899 1021 1005 1086 έκεῖνο
1042 1021 1079 1086 τὸ

75 1136 167 1211 σῶμα
198 1126 218 1210 ή
250 1137 308 1211 τῆς
339 1138 407 1192 τῶν
438 1128 763 1212 κυκλοφορουμένων
793 1127 814 1210 ή
848 1126 958 1211 ἑτέρας
988 1129 1080 1205 τινὸς
1107 1152 1120 1193 σ

74 1235 161 1320 παρὰ
193 1234 321 1310 ταύτας.
373 1237 403 1299 εί
435 1231 497 1317 μὲν
528 1230 591 1299 οὖν
624 1233 735 1320 ἑτέρας
766 1240 831 1317 εἴη,
868 1233 1080 1318 ἀναπέφηνεν

75 1341 153 1425 ήμῑν
180 1341 261 1425 μετὰ
288 1341 348 1423 τήν
374 1339 524 1425 πέμπτην
551 1339 606 1405 καὶ
634 1339 728 1426 ἑτέρα
754 1364 804 1417 τις
831 1339 905 1423 ἕκτη
931 1341 1080 1424 σώματος

75 1450 184 1531 φύσις.
229 1446 283 1511 καὶ
311 1449 340 1511 εί
368 1444 430 1531 μὲν
460 1447 622 1531 ὁμοούσιοί
652 1448 738 1511 εἰσιν
768 1445 923 1529 ἀλλήλοις
952 1449 1081 1512 ἅπαντα

74 1556 113 1618 τὰ
144 1564 212 1618 τῶν
243 1558 387 1636 λογικῶν
419 1564 536 1639 ψυχῶν
565 1553 681 1630 ιἰιδίως
711 1551 910 1638 ἐξηρτημένα
936 1555 1079 1638 σώματα,

76 1661 310 1744 δεικνύτωσαν,
337 1664 387 1737 τίς
409 1660 429 1743 ή
453 1662 581 1725 τούτων
605 1660 733 1743 ὀλότης·
764 1658 904 1724 ἕκαστον
926 1661 988 1745 γὰρ
1012 1671 1079 1724 τῶν
1093 1685 1120 1723 ιο

75 1776 219 1851 μερικῶν
248 1765 303 1831 καὶ
333 1765 447 1831 ἁπλῶν
477 1768 637 1851 σωμάτων
667 1765 730 1831 ἀπό
762 1768 853 1843 τινος
883 1765 973 1831 ἐστιν
1003 1765 1079 1830 ἄπε-

76 1872 266 1956 σπασμένον
294 1873 463 1957 ὁλότητος,
492 1864 567 1937 οἷον
592 1873 652 1955 ήδε
678 1872 698 1955 ἡ
722 1874 830 1955 βῶλος
853 1871 917 1936 ἀπὸ
940 1881 997 1954 τῆς
1019 1882 1080 1955 γῆς

75 1978 128 2043 καὶ
151 1981 226 2044 τόδε
249 1980 287 2043 τὸ
310 1980 402 2064 ὕδωρ
426 1978 489 2043 ἀπὸ
513 1988 572 2063 τῆς
593 1988 654 2043 τοῦ
672 1979 794 2055 ὕδατος
813 1978 980 2061 ὁλότητος·
1004 1975 1075 2042 ἀλλ’

75 2085 136 2170 οὐχ
158 2083 292 2162 ἕξουσιν
314 2086 482 2151 δεικνύειν
505 2083 628 2172 ε’τήριιν
651 2087 726 2150 τινὰ
749 2087 898 2169 σώματος
925 2083 1000 2148 δλό-
1022 2099 1132 2141 sombr-

74 2215 153 2274 τητα
182 2193 271 2278 παρὰ
299 2193 339 2256 τὰ
369 2191 625 2276 συνεγνωσμένα
653 2192 734 2276 ήμῑν
762 2192 904 2275 τέσσαρα
934 2201 1079 2275 στοιχεῖα
1093 2215 1119 2256 15

76 2297 128 2363 καὶ
156 2299 193 2363 τὸ
222 2298 391 2385 οὐράνιον.
437 2301 466 2364 εί
493 2295 530 2363 δὲ
552 2301 596 2383 μή
620 2304 706 2364 εἰσιν
729 2298 884 2382 ἀλλήλοις
907 2297 1079 2381 δμοούσια,

74 2406 197 2481 πολλὰς
211 2406 371 2489 σωμάτων
385 2408 504 2489 φύσεις
517 2413 563 2492 τῷ
581 2404 679 2470 παντὶ
697 2404 954 2489 μυθωδέστερον
972 2402 1079 2469 ἐπεισ-

75 2509 224 2588 ίξουσιν·
268 2516 356 2589 τίνες
383 2507 446 2576 οὖν
473 2513 507 2576 αλ
535 2513 663 2577 τούτων
695 2513 868 2597 διαφοραί;
909 2513 1016 2575 καίτοι
1049 2510 1079 2575 εί

74 2627 139 2682 πᾶν
173 2630 266 2701 σῶμα
297 2619 444 2703 φυσικὸν
476 2619 631 2703 αἰσθήσει
664 2621 825 2702 κρίνεται,
854 2617 875 2701 ἢ
907 2617 1026 2693 ποίσαις
1057 2615 1077 2699 ή

74 2723 139 2789 τισί
169 2723 189 2807 ή
219 2725 349 2801 ποίντως
379 2733 464 2807 γοῦν
490 2731 549 2809 μιᾷ
577 2734 616 2809 τῇ
645 2723 713 2810 ἁφῇ
737 2761 779 2770 -
806 2722 862 2788 καὶ
890 2723 907 2788 6
936 2723 1119 2808 οὐρανὸςιο

75 2840 170 2914 γοῦν,
194 2830 233 2895 ὃν
256 2830 418 2914 ἀγένητον
441 2825 529 2895 εἶναί
550 2847 655 2913 φασιν
677 2829 732 2895 καὶ
755 2832 942 2915 ἄφθαρτον,
962 2829 1079 2915 ὁρατός

75 2937 110 3001 τέ
135 2937 236 3020 ἐστιν,
263 2939 308 3013 ὥς
335 2954 440 3020 φησιν
469 2937 486 3002 6
512 2936 664 3019 Πλάτων,
692 2936 793 3013 ἁπτός
820 2959 855 3000 τε
878 2974 935 3018 -,
964 2938 993 3001 εί
1016 2931 1079 3001 οὐν

73 3052 140 3107 πᾶν
163 3054 256 3126 σῶμα
279 3045 432 3126 αἰσθήσει
455 3047 616 3129 κρίνεται,
640 3042 800 3126 οὐδεμίαν
823 3039 860 3107 δὲ
882 3053 949 3108 τῶν
971 3043 1079 3126 σωμά-

76 3172 142 3214 των
174 3148 311 3214 ἐκείνων
343 3148 386 3214 δι’
420 3152 607 3234 αἰσθήσεως
639 3149 816 3233 ἀντίληψιν
848 3152 979 3234 ἔχομεν,
1011 3153 1078 3214 τίνι

75 3260 202 3340 κρίνειν
225 3259 359 3340 ἔχουσιν
379 3266 437 3341 τῆς
456 3258 589 3339 φύσεως
607 3256 717 3322 αὐτῶν
734 3257 795 3339 τήν
814 3256 961 3340 ἰδιότητα
978 3255 998 3339 ή
1018 3257 1079 3339 τὴν
1092 3280 1119 3324 ιο

73 3364 157 3447 πρὸς
186 3364 226 3426 τὰ
256 3364 354 3426 λοιπὰ
384 3363 565 3449 διαφορύν;
603 3365 632 3428 εί
660 3365 722 3448 γὰρ
750 3360 805 3427 καὶ
834 3362 851 3426 6
879 3371 961 3440 νοῦς
988 3361 1079 3428 ἐστιν

74 3478 130 3551 τῆς
167 3467 282 3544 οὐσίας
317 3479 384 3533 τῶν
415 3471 575 3553 σωμάτων
605 3471 766 3553 κριτικύς,
803 3466 873 3533 ἀλλ’
906 3467 947 3533 οὐ
979 3466 1079 3553 χωρὶς

75 3576 269 3658 αἰσθήσεως.
314 3575 397 3639 ὅθεν
425 3575 460 3639 ἐν
487 3586 557 3653 τοῖς
583 3575 659 3661 περὶ
682 3572 879 3651 ἀποδείξεως
897 3572 1078 3659 Ἀριστοτέ-

145 3772 168 3820 1.
189 3767 213 3820 εί
231 3768 390 3836 suspectum
486 3774 510 3821 6.
530 3770 804 3839 κυκλοφορούμενον
822 3766 852 3820 Μ
870 3770 920 3839 (et.
936 3769 983 3890 μέλ

16 3892 19 3897 ,
75 3842 112 3889 17.
130 3838 260 3905 [nomae
275 3837 309 3890 M
379 3843 419 3892 19,
440 3836 556 3914 πάσαις]
576 3859 668 3899 πασαι
683 3842 718 3898 Μ
789 3846 837 3897 ⁶22.
850 3839 934 3896 m.
966 3834 1105 3890 'mfffi

131 3911 171 3956 24.
187 3907 320 3976 εΛοΙμεν,
337 3925 373 3963 ex
386 3930 418 3981 ω,
435 3912 465 3967 Μ
524 3919 569 3974 28.
587 3917 677 3977 Arist.
692 3917 774 3977 ωωοδ.
787 3917 869 3991 μῦοῶ.
882 3915 956 3969 Ast
966 3911 1073 3979 §.m
1082 3905 1126 3953 *δῖ
