2394 4208
65 555 130 609 XIII
145 562 185 610 14.
202 556 248 627 15]
329 555 376 609 DE
395 554 653 609 AETERNITATE
672 554 795 610 MVNDI
1007 555 1074 620 519

64 718 234 800 αφθέντος
260 717 280 800 ἢ
308 719 328 801 ἡ
358 717 392 782 ἐκ
419 719 575 801 παπύρου
598 719 649 795 ὡς
676 719 696 802 ἡ
721 717 756 783 ἐκ
779 714 898 802 ξύλων,
920 717 976 782 καὶ
998 720 1075 783 τού-

64 848 132 888 των
158 825 178 907 ἡ
210 823 245 888 ἐκ
275 825 424 908 ἄρυίνων
453 828 588 907 μᾶλλον.
635 824 718 889 ἄλλά
748 826 789 908 δὴ
818 823 874 890 καὶ
902 823 947 889 δι’
973 825 1074 909 αὐτῆς

63 926 125 1013 μὲν
152 941 209 1014 τῆς
237 932 363 1014 φλογὸς
390 931 550 1007 πολλάκις
577 931 751 1014 διαγαγεῖν
773 932 834 1014 τὴν
857 942 950 1016 χεῖρα
973 932 1074 995 δυνά-

64 1043 167 1119 μεθα,
198 1038 366 1121 ἄνθρακος
396 1033 432 1101 δὲ
460 1032 540 1101 οὐδὲ
568 1035 772 1120 ἐφάψασθαι.
818 1036 872 1101 καὶ
904 1039 1073 1124 ἄνθρακος

65 1139 103 1207 δὲ
133 1140 231 1227 ἦττον
260 1150 373 1226 θιγεῖν
404 1143 549 1207 δυνατὸν
576 1151 636 1207 τοῦ
665 1141 700 1207 ἐκ
728 1142 946 1229 στερεωτέρας
968 1144 1072 1231 ὑπάρ-
1100 1170 1113 1211 ε

64 1273 181 1333 χοντος
204 1250 298 1332 ὕλης·
326 1253 453 1332 μᾶλλον
476 1250 538 1333 γὰρ
562 1258 622 1313 τοῦ
647 1247 682 1312 ἐκ
704 1250 912 1335 θρυαλλίδος
934 1249 989 1315 καλ
1012 1260 1072 1315 τοῦ

64 1355 101 1419 ἐκ
128 1357 282 1442 πατιύρον
311 1357 480 1442 ἄνθρακος
506 1362 621 1438 θιγεῖν
649 1356 825 1440 δυνάμεθα
847 1358 929 1443 ἤπερ
953 1365 1013 1422 τοῦ
1037 1356 1073 1422 ἐκ

63 1461 183 1543 ξύλων,
206 1460 260 1525 καλ
283 1463 404 1526 τούτου
428 1462 528 1526 πάλιν
550 1465 678 1546 μᾶλλον
700 1465 782 1549 ἤπερ
806 1463 947 1549 σιδήρου
969 1486 1073 1528 πεπυ-

63 1566 291 1651 ρακτωμένον,
322 1568 442 1651 σχεδὸν
465 1565 501 1632 δὲ
525 1564 604 1632 οὐδὲ
631 1569 808 1651 πλησιάσαι
837 1569 943 1656 τούτω
971 1569 1073 1633 δυνά-

64 1681 160 1756 μεθα.
206 1675 235 1738 ελ
263 1668 325 1738 οὖν
352 1675 389 1738 τὸ
418 1673 704 1761 παχυμερέστερον
731 1683 797 1759 πῦρ
825 1678 911 1739 καίει
934 1678 1072 1759 μᾶλλον,
1087 1702 1112 1743 ιο

64 1779 363 1863 λεπτομερέστατον
391 1776 428 1845 <52
451 1779 506 1845 καλ
528 1782 769 1865 καθαρώτατον
791 1781 836 1856 ὡς
859 1783 909 1845 ἔνι
932 1782 1072 1864 μάλιστα

22 1967 25 1972 .
63 1887 100 1948 τὸ
125 1885 286 1971 οὐράνιον
308 1896 374 1972 πῦρ
398 1885 452 1951 καλ
477 1883 556 1952 οὐδὲ
578 1887 746 1972 ὑπερβολὴ
765 1888 870 1974 πυρὸς
889 1883 968 1952 οὐδὲ
988 1885 1071 1971 φλὸξ

64 1989 135 2054 ἄλλ’
155 1991 234 2056 αὐτὸ
254 1993 291 2057 τὸ
312 1993 517 2078 στοιχειῶῦές
535 1992 644 2057 τεκαὶ
668 1994 804 2072 ζωτικὸν
821 2003 904 2079 πῦρ,
922 2005 992 2070 πῶς
1010 1994 1072 2059 οὐκ

63 2095 106 2161 ἄν
128 2102 240 2185 πολλῷ
263 2107 323 2162 τοῦ
346 2100 440 2164 κάειν
462 2122 496 2163 τε
519 2097 574 2164 καλ
598 2103 756 2184 φθείρειν
778 2099 970 2185 ἀποδέοιτο,
994 2104 1072 2179 ζωο·

60 2204 162 2267 ποιὸν
192 2201 227 2269 δέ
250 2209 378 2287 μᾶλλον
400 2204 443 2268 ἄν
466 2211 515 2289 ελιγ
539 2205 584 2282 ὡς
606 2203 661 2269 καὶ
684 2206 721 2269 τὸ
746 2204 783 2270 έν
805 2216 875 2282 τοῖς
899 2205 993 2293 ζῴοις
1017 2210 1112 2290 &It-15

62 2334 173 2392 φυτον
195 2311 325 2397 θερμὸν
347 2312 565 2396 καλούμενον,
593 2302 668 2377 οἷόν
691 2311 781 2377 ἐστιν
804 2311 859 2376 καλ
881 2314 918 2377 τὸ
942 2321 1009 2398 πῦρ
1033 2314 1070 2379 τὸ

62 2415 224 2501 αἰθέριον.

128 2521 184 2587 ει’.
211 2521 268 2586 Ἐκ
295 2520 356 2607 μὲν
384 2519 447 2589 οὖν
473 2532 533 2588 τοῦ
562 2535 688 2608 γνῶναι
711 2527 772 2608 τὴν
796 2526 977 2602 Πλάτωνος
1000 2526 1070 2589 διά-

62 2652 168 2711 νοιαν,
197 2630 241 2705 ὡς
269 2629 304 2694 έκ
334 2640 402 2694 τῶν
429 2631 599 2715 τεσσάρων
622 2634 794 2714 στοιχείων
817 2636 920 2695 οίεται
942 2630 980 2695 τὸ
1003 2640 1071 2696 πᾶν

60 2736 258 2801 συνεστάναι
286 2733 341 2800 καὶ
365 2735 467 2800 αὐτὸν
489 2739 549 2800 τὸν
572 2737 729 2823 οὐρανόν,
757 2738 854 2802 ἱκανά
876 2735 932 2801 καὶ
954 2746 1070 2802 ταῦτα·
1083 2765 1110 2805 ιο

62 2840 180 2925 ἐφεξῆς
208 2838 244 2906 δὲ
272 2841 326 2906 καὶ
354 2852 422 2907 τῶν
449 2842 552 2907 αὐτὸν
578 2843 944 2927 ὑπομνηματισαμένων
974 2848 1069 2927 φιλο-

60 2951 178 3032 σόφων
215 2948 329 3031 ὀλίγας
362 2947 576 3034 παραθέσθαι
610 2953 741 3035 χρήσεις
773 2948 875 3027 ἄξιον.
923 2946 1069 3028 Ἀττικὸς

62 3051 123 3136 μὲν
147 3050 210 3119 οὖν
228 3053 282 3118 καλ
303 3056 519 3139 Πλούταρχος
539 3054 673 3121 έάσθων
690 3055 745 3120 καλ
765 3062 799 3121 εί
811 3081 862 3133 τις
873 3053 877 3143 Ι
890 3057 988 3132 ἄλλος
1006 3072 1046 3113 ¹01.
1054 3074 1123 3114 εισι.

62 3162 203 3243 γενητὸν
227 3157 312 3226 εἶναι
334 3162 416 3225 κατὰ
439 3163 563 3246 χρόνον
581 3162 641 3227 τὸν
658 3164 785 3246 κόσμον
802 3162 867 3226 ὑπὸ
889 3163 1069 3240 Πλάτωνος

58 3265 216 3349 λέγεσθαι
245 3268 449 3352 ἀπεφήνατο·
485 3269 648 3354 μάρτυρες
676 3265 713 3333 δέ
738 3269 818 3352 ἡμῖν
840 3272 987 3334 ἔστωσαν
1009 3270 1068 3353 μό·
1082 3295 1108 3335 ιο

58 3397 113 3437 νοι
151 3383 225 3457 τοῦ,
263 3374 312 3438 ὅτι
347 3375 489 3439 Πλάτων
525 3374 560 3439 ἐκ
597 3386 664 3440 τῶν
695 3376 865 3461 τεσσάρων
896 3379 1068 3460 στοιχείων

132 3606 154 3654 2.
175 3603 302 3673 μαλλ[ον]
321 3602 350 3655 Μ
424 3609 447 3656 b.
467 3605 568 3672 θηγειν
586 3602 615 3654 Μ
679 3607 703 3655 6.
723 3603 800 3674 [γαλρ
819 3602 848 3655 Μ
911 3608 951 3656 11.
971 3605 1067 3657 λεπτο-

58 3674 263 3742 μερεστλατλον,
289 3689 322 3726 ex
345 3693 389 3741 ερ,
412 3673 441 3726 Μ
550 3678 590 3728 12.
609 3672 687 3741 prius
706 3675 771 3727 ουθε
790 3690 823 3727 ex
841 3679 911 3740 ὕπερ
930 3674 959 3726 Μ

61 3783 160 3831 14.15.
181 3781 343 3850 αποδεοιτχο
362 3753 494 3844 ζωοποιᾶ]
518 3779 547 3832 Μ
656 3785 696 3833 15.
717 3778 750 3832 cf.
769 3796 834 3850 pag.
850 3786 914 3846 5⁶23x
927 3786 959 3831 13

61 3854 101 3901 17.
122 3849 182 3919 &ch
200 3851 350 3919 ειλθεριον
368 3851 397 3903 Μ
478 3856 520 3906 18.
540 3869 571 3906 εκ
587 3849 634 3920 II,
661 3854 813 3920 exspem
830 3849 961 3909 εὶς-σο
980 3854 1097 3910 ηοωνω,

120 3921 261 3989 ίλίλωνᾱι,
282 3937 317 3974 ex
335 3942 360 3992 ν,
380 3922 410 3976 Μ
500 3930 545 3981 21.
564 3929 889 3996 ῦπομνητατιοαρενων
902 3916 945 3966 Μ
