2394 4208
26 39 848 324 m

615 130 641 183 ‘h

72 557 139 610 XIII
154 562 195 610 10.
212 557 257 627 11]
340 555 389 610 DE
408 555 665 612 AETERNITATE
684 556 804 611 MVNDI
1017 558 1086 622 505

73 720 184 784 αὐτῶν
208 723 427 803 συγκείμενον
445 723 572 803 κόσμον
589 720 730 802 γενητὸν
748 715 834 784 εἶναι
852 718 908 784 καὶ
926 721 1086 806 φθαρτὸν

73 826 213 909 ἀνάγκη·
250 827 379 891 τούτων
408 828 470 911 γάρ
501 825 737 911 φθειρομένων
766 824 930 912 σῴζεσθαι
961 828 1020 891 τὸν
1048 825 1084 891 ἐκ

72 934 202 997 τούτων
225 936 444 1016 συγκείμενον
465 936 591 1016 κόσμον
614 931 794 997 ἀδύνατον·
818 943 885 996 τῶν
908 935 971 1018 γὰρ
996 951 1083 998 στοι-

63 1043 183 1123 χείων,
203 1037 234 1116 ἐξ
254 1034 302 1103 ὧν
322 1038 412 1104 ἐστιν
431 1037 571 1103 ἕκαστον
588 1050 655 1102 τῶν
674 1040 834 1122 (ὄντων),
849 1038 1085 1124 φθειρομένων

72 1144 128 1210 καὶ
152 1145 233 1209 αὐτὸ
257 1149 462 1231 φθείρεσθαι
486 1145 678 1228 ἀναγκαῖον.
724 1145 774 1209 ὅτι
797 1141 859 1229 μὲν
882 1140 955 1227 οὖν,
979 1140 1020 1210 οὗ
1042 1148 1082 1210 τὰ
1109 1175 1126 1216 ε

72 1252 154 1337 μέρη
179 1254 300 1334 γενητὰ
323 1258 371 1334 είη
396 1250 451 1315 καὶ
475 1253 627 1336 φθαρτοί,
650 1250 705 1316 καὶ
729 1251 809 1316 αὐτὸ
833 1253 975 1335 γενητὸν
997 1249 1084 1317 εἶναι

73 1357 129 1422 καὶ
160 1360 316 1442 φθαρτὸν
346 1357 472 1441 ἀνάγκη
506 1357 561 1423 καλ
591 1359 642 1422 ότι
671 1357 726 1423 καὶ
756 1359 790 1422 αλ
818 1369 886 1423 τῶν
913 1363 1084 1442 στοιχείων

74 1465 227 1548 ὁλότητες
250 1463 305 1529 καὶ
329 1465 386 1529 διὰ
408 1473 506 1528 τοῦτο
530 1462 585 1528 καὶ
609 1464 627 1529 ὁ
652 1463 686 1528 έκ
714 1465 843 1529 τούτων
869 1469 1084 1548 συγκείμενος

74 1574 197 1654 κόσμος
220 1573 357 1654 γενητός
381 1570 470 1636 ἐστιν
493 1569 549 1635 καὶ
572 1573 738 1656 φθαρτός,
757 1569 920 1635 δέδεικται
940 1572 995 1635 διά
1018 1582 1085 1637 τῶν

74 1677 265 1763 εἰρημένων.
976 1695 977 1699 ’
1099 1706 1127 1746 ιο

143 1782 202 1847 αι’.
229 1782 298 1847 Ὅτι
322 1781 359 1848 δέ
382 1788 520 1868 γελοίως
543 1785 561 1850 ὁ
586 1788 740 1870 Πρόκλος
762 1785 801 1849 τά
820 1783 976 1849 ὁπωσοῦν
994 1787 1085 1866 γινό-

74 1914 159 1973 μενα
190 1889 245 1954 καὶ
278 1894 488 1976 φθειρόμενα
520 1892 583 1956 οὐκ
614 1887 704 1956 εἷναί
733 1909 837 1975 φησιν
873 1899 933 1955 τοῦ
963 1890 1085 1966 παντὸς

74 1995 172 2081 μέρη,
195 1998 258 2080 ἤδη
282 1994 344 2080 μέν
366 1999 430 2083 πρὸ
454 1997 593 2083 βραχέος
617 1996 796 2082 έδειξαμεν,
813 1996 869 2062 καὶ
887 2006 952 2062 νῦν
971 1993 1008 2061 δὲ
1026 1999 1086 2061 τὸν

75 2107 178 2186 λόγον
210 2103 473 2186 ἐπαναλαβόντες
504 2107 682 2187 δείκνυμεν
711 2106 771 2169 τὸν
800 2106 924 2189 τρόπον
956 2112 1085 2168 τοῦτον.

74 2222 208 2295 πρῶτον
239 2205 302 2275 οὖν
332 2213 413 2275 ἔστω
444 2208 513 2274 κατ’
545 2211 648 2276 αὐτὸν
677 2212 717 2274 τὰ
744 2210 779 2276 ἐκ
800 2217 804 2290 Ι
825 2221 892 2275 τῶν
920 2228 1006 2275 στοι-
1029 2226 1145 2269 τοιιοετ,

76 2321 173 2401 χείων
210 2320 409 2401 συγκείμενα
445 2328 513 2381 τῶν
550 2316 642 2404 ζῴων
678 2319 811 2402 σώματα
843 2316 1086 2401 ἀποτελέσματα
1100 2345 1126 2385 ιο

75 2419 162 2487 εἶναι
190 2432 250 2488 τοῦ
278 2424 401 2499 παντὸς
428 2421 484 2487 καὶ
512 2423 552 2488 οὐ
580 2422 675 2509 μέρη·
712 2432 814 2487 ταῦτα
843 2424 906 2508 γὰρ
929 2423 995 2488 ὑπὸ
1019 2435 1086 2488 τῶν

75 2528 144 2593 κατ’
168 2529 314 2615 οὐρανὸν
338 2536 430 2594 θεῶν
452 2533 611 2613 γίνεσθαί
632 2546 736 2614 φησιν
764 2530 781 2594 ό
806 2530 950 2594 Πλάτων
977 2531 1085 2595 δανει-

76 2636 221 2720 ζομένων
245 2635 280 2700 ἐκ
303 2645 363 2700 τοῦ
387 2638 512 2720 κόσμου
535 2639 635 2723 μόρια
659 2637 703 2712 ὡς
726 2636 1003 2719 ἀποδοθησόμενα
1025 2637 1086 2701 πά-

76 2748 138 2807 λιν.
186 2743 236 2807 ὅτι
265 2739 301 2807 δὲ
330 2744 369 2806 τὰ
398 2753 542 2826 στοιχεῖα
564 2742 645 2828 μέρη
670 2741 760 2808 ἐστὶν
782 2750 842 2806 τοῦ
866 2744 1007 2826 κόσμου,
1030 2741 1085 2808 καὶ
1100 2772 1133 2810 το·

77 2850 176 2925 αὐτὸς
200 2849 355 2933 ὁμολογεῖ
377 2847 432 2912 καὶ
457 2848 627 2932 ἐπιστῆσαι
650 2852 727 2933 χρή,
747 2848 826 2934 όπερ
845 2846 901 2912 καὶ
923 2851 1086 2936 πρότερον

76 2952 181 3039 εἷπον,
205 2957 256 3020 ὅτι
279 2954 334 3019 καὶ
357 2957 397 3020 τὰ
420 2967 487 3020 τῶν
509 2959 682 3039 στοιχείων
704 2954 785 3040 μέρη
809 2956 849 3019 τόι
872 2953 907 3018 έκ
926 2964 986 3019 τοῦ
1004 2977 1086 3020 παν-

75 3064 132 3137 τὸς
169 3061 405 3146 δεδανεισμένα
442 3064 489 3139 εἰς
525 3061 658 3146 γένεσιν
693 3073 761 3126 τῶν
793 3059 885 3148 ζῴων
916 3059 971 3125 καὶ
1004 3061 1087 3126 αὐτὰ

75 3171 175 3251 μόρια
199 3164 283 3233 εἶναι
307 3178 367 3233 τοῦ
390 3171 516 3252 κόσμου
541 3167 645 3253 φησὶν
667 3170 756 3252 παρὰ
775 3169 956 3243 Πλάτωνος
974 3168 1087 3249 λαβὼν

76 3275 94 3339 ὁ
116 3277 276 3358 Πρόκλος.
315 3281 350 3339 εί·
365 3271 427 3359 μὲν
449 3270 513 3356 οὖν
535 3278 621 3360 μόνα
643 3277 683 3338 τὰ
707 3275 855 3340 σύνθετα
877 3268 920 3356 ἦν
938 3275 978 3338 τὰ
995 3275 1085 3357 γινό-
1100 3301 1132 3341 ιε

75 3405 160 3464 μενα
186 3379 241 3446 καὶ
270 3385 488 3465 φθειρόμενα,
518 3388 595 3458 ἴσως
623 3380 665 3446 ἀν
687 3382 984 3466 παρακρούσασθαι
1007 3383 1087 3456 τοὺς

77 3486 324 3571 ἁπλουστέρους
348 3488 366 3552 δ
389 3490 488 3571 λόγος
510 3489 672 3571 ἠδύνατο,
692 3489 736 3563 ὡς
760 3486 1004 3570 ἀποτελέσματα
1026 3495 1086 3550 τοῦ

76 3597 203 3678 κόσμου
241 3593 326 3659 εἰσὶν
358 3593 413 3658 καὶ
446 3595 486 3659 οὐ
519 3593 600 3682 μέρη
633 3596 672 3658 τά
704 3595 825 3677 γενητὰ
861 3590 916 3657 καὶ
951 3593 1087 3678 φθαρτὰ

147 3865 172 3911 4.
192 3857 281 3912 ὄντων
298 3856 361 3910 aad.
445 3864 469 3912 5.
490 3853 523 3913 οὗ
544 3855 581 3914 διν
599 3857 638 3914 τὰ
656 3863 763 3927 hom.
776 3863 815 3910 Ὠ
898 3859 950 3905 xz.
962 3866 1041 3917 m.
1055 3850 1129 3903 *Nu

68 3934 156 3992 12sq.
230 3933 271 3981 18.
290 3927 365 3982 Ριιι.
386 3929 458 3985 Tim.
481 3931 547 3987 42ss
625 3937 672 3989 οι.
691 3948 766 4004 pag.
781 3931 881 3997 νοω
