2394 4208
82 554 123 608 ιιι
138 555 183 628 ιι]
349 554 397 609 DE
415 554 673 612 ιοτοοαιτετο
692 555 814 614 mm
1027 555 1093 621 375

82 720 193 800 βαίνει
216 718 252 783 τὸ
277 720 379 802 άλλης
397 719 569 803 δυνάμεως
587 722 687 806 ἔργον
704 718 759 785 καλ
778 718 981 804 ἀποτέλεσμα
999 717 1094 806 ἑτέρηι

81 824 152 888 τινί
175 825 314 909 δυνάμει
338 829 494 909 γίνεσθαι
516 826 612 911 ὕλην,
635 824 705 891 ἀλλ’
729 821 793 892 οὖν
815 824 932 911 ἑκάστη
952 827 1094 910 δύναμις

82 931 145 1015 οὐχ
168 932 213 1007 ὡς
235 932 322 1015 ὕλην
344 930 415 997 ἀλλ’
439 932 484 1009 ὡς
507 933 632 998 οἰκείου
655 934 852 1020 δημιουργεῖ
875 931 1092 1017 ἀποτέλεσμα·

83 1039 208 1116 σκοπὸς
231 1039 293 1124 γάρ
318 1037 408 1104 έστιν
431 1035 548 1125 ἑκάστη
572 1050 698 1126 φυσικῇ
722 1040 862 1123 δυνάμει
885 1041 947 1123 τῆν
965 1040 1092 1104 οἰκείαν

80 1147 320 1231 παραλαβούση
343 1146 429 1229 ὕλην
451 1147 576 1230 ταύτην
602 1150 770 1231 κοσμῆσαί
794 1169 828 1210 τε
851 1144 906 1211 καί
929 1147 967 1210 τὸ
990 1163 1092 1231 προσ·
1119 1172 1132 1212 ε

81 1261 166 1334 ῆκον
193 1250 275 1336 αὐτῇ
304 1249 471 1317 ἐπιθεῖναι
503 1247 605 1329 εἶδος·
646 1253 707 1335 τὴν
739 1253 801 1337 γὰρ
835 1250 871 1317 έν
902 1262 942 1338 τῇ
974 1251 1091 1338 γαστρί

82 1361 367 1441 χυλοποιηθεῑσαν
392 1360 523 1444 τροφὴν
549 1359 569 1442 ἥ
599 1357 796 1443 ε’νιδρυμένη
824 1366 871 1446 τῷ
898 1360 996 1442 ἥπατι
1027 1382 1091 1443 φυ-

81 1465 157 1546 σικῆ
191 1464 333 1548 δύναμις
363 1467 604 1550 παραλαβοῦσα
636 1464 765 1530 ἀλλοιοῖ
795 1466 919 1548 ταύτην
955 1463 1010 1531 καί
1045 1467 1093 1542 εἰς

82 1572 221 1654 αἵματος
243 1571 362 1636 οὐσίαν
385 1573 580 1655 μεταβάλλει
603 1570 658 1636 καί
680 1574 779 1636 τοῦτό
802 1570 893 1636 ε’στιν
916 1571 1017 1656 αὐτῆς
1039 1574 1091 1658 έρ-

81 1700 145 1760 γον
177 1676 231 1741 καί
265 1676 468 1762 ἀποτέλεσμα
499 1679 536 1743 τὸ
579 1687 641 1743 τοῦ
677 1679 814 1762 αἵματος
850 1678 1091 1764 δημιουργῆσαι
1107 1704 1132 1743 ιο

81 1779 174 1860 εἶδος
209 1783 263 1848 καί
300 1781 402 1850 οὐδὲν
438 1784 565 1871 ἕτερον·
611 1785 708 1869 ὥστε,
744 1786 774 1849 εἰ
808 1787 911 1868 μόνης
943 1794 1001 1868 τῆς
1031 1793 1091 1849 τοῦ

81 1891 220 1973 αἵματος
248 1888 338 1968 ἰδέας
364 1892 384 1975 ἥ
414 1890 450 1956 έν
476 1899 523 1978 τῷ
550 1891 649 1974 ἥπατι
674 1891 861 1974 στοχάζεται
884 1892 1009 1975 φυσικὴ
1034 1892 1091 1955 δύ-

80 2021 180 2080 ναμις
207 1995 262 2061 καί
290 2006 388 2063 τοῦτο
417 1998 628 2084 δημιουργεῖ,
655 1998 768 2074 εἴδους
794 1999 859 2083 ἀρα
888 1998 1092 2083 δημιουργός

80 2103 174 2169 έστιν
197 2104 233 2168 τὸ
257 2098 360 2190 ἥπαρ,
384 2104 445 2189 οὐχ
467 2105 559 2188 ὕλης.
595 2102 678 2168 ἀλλὰ
699 2105 801 2169 πάλιν
823 2105 861 2168 τὸ
884 2112 945 2169 τοῦ
968 2105 1092 2187 ἥπατος

80 2209 300 2294 ἀποτέλεσμα,
322 2210 494 2277 τουτέστιν
516 2212 553 2275 τὸ
578 2201 671 2294 αἷμα,
694 2210 739 2287 ὡς
761 2210 847 2293 ὕλην
870 2213 996 2276 οἰκείαν
1014 2210 1034 2294 ἥ
1055 2209 1091 2275 ἐν
1105 2236 1131 2276 ιε

80 2315 206 2404 ἑκάστῳ
230 2327 297 2382 τῶν
319 2321 446 2382 λοιπῶν
468 2321 597 2403 μορίοιν
618 2319 857 2402 παραλαβοῦσα
880 2318 1021 2401 δύναμις
1044 2317 1092 2393 εἰς

79 2424 143 2506 τὴν
173 2433 233 2488 τοῦ
263 2422 484 2507 ὑποκειμένου
511 2424 741 2507 μετασκευάζει
771 2425 888 2508 φύσιν,
919 2421 939 2506 ἥ
973 2421 1090 2488 ὀστέου

79 2530 185 2613 τυχὸν
211 2529 231 2613 ἥ
260 2531 382 2616 σαρκὸς
408 2528 429 2613 ἥ
457 2540 525 2594 τῶν
551 2530 661 2594 ἀλλων
683 2531 787 2607 τινός·
824 2524 921 2595 αὗται
943 2526 1006 2614 μὲν
1027 2523 1090 2594 οὖν

80 2637 127 2713 ὡς
157 2637 220 2722 ὕλη
252 2644 299 2723 τῷ
332 2637 443 2721 αἵματι
475 2647 634 2722 χρῶνται,
665 2635 686 2720 ἡ
717 2633 753 2701 δί
782 2635 818 2701 έν
845 2644 891 2724 τῷ
918 2637 1018 2720 ἥπατι
1046 2636 1090 2712 ὡς

79 2737 171 2818 εἶδος
194 2740 248 2806 καί
272 2740 476 2826 ἀποτέλεσμα
497 2749 597 2806 τοῦτο
621 2742 795 2827 εἰργάσατο
814 2741 971 2826 ὕληνκαὶ
995 2742 1089 2827 αὕτη,
1103 2769 1129 2808 ιο

80 2847 162 2933 ὅπερ
196 2843 306 2931 εἷπον,
343 2850 391 2926 εἰς
421 2850 483 2932 τὴν
514 2857 575 2913 τοῦ
607 2849 743 2933 αἵματος
776 2848 869 2915 ἰδέαν
897 2851 959 2933 τῆν
987 2848 1023 2914 έν
1050 2859 1088 2935 τῇ

80 2953 199 3040 γαστρὶ
227 2958 512 3039 χυλοποιηθεῑσαν
534 2955 665 3040 τροφὴν
687 2952 865 3020 ἑλκύσασα·
898 2953 967 3019 ε’πεί
990 2953 1046 3020 καί
1068 2955 1088 3039 ἥ

80 3061 316 3147 ἀρτοποιητικῆ
334 3061 431 3146 τέχνη
451 3062 496 3138 ὡς
515 3056 604 3138 εἰδός
622 3084 652 3125 τι
676 3059 731 3125 καί
745 3060 950 3145 ἀποτέλεσμα
963 3063 1089 3128 οἰκεῖον

79 3169 142 3250 τὴν
168 3177 228 3233 τοῦ
257 3169 359 3254 ἀρτου
387 3168 618 3247 κατασκευάζει
647 3165 753 3250 ἰδέαν,
784 3169 959 3251 συμβαίνει
986 3165 1023 3232 δὲ
1050 3168 1088 3231 τὸ

78 3275 200 3358 ταύτης
227 3277 328 3360 ἔργον
353 3274 439 3357 ὕλην
460 3275 464 3358 Ι
484 3283 523 3360 τῇ
549 3273 586 3339 έν
608 3283 648 3359 τῇ
671 3272 788 3359 γαστρί
811 3273 1008 3360 ἀλλοιωτικῇ
1027 3291 1067 3330 rot
1076 3291 1141 3333 15⁸*-

79 3381 220 3464 δυνάμει
244 3385 408 3464 γίνεσθαι.
453 3381 508 3446 καί
532 3382 564 3446 ολ
586 3391 644 3465 τῆς
667 3391 734 3444 τῶν
756 3382 940 3465 φαρμάκων
963 3377 1000 3445 δὲ
1023 3381 1088 3465 φά-
1102 3406 1128 3447 ιι

79 3505 163 3565 σεως
195 3486 393 3573 δημιουργοὶ
426 3489 470 3564 ὡς
501 3488 587 3570 ὕλην
624 3488 751 3551 οἰκείαν
787 3488 826 3551 τά
861 3497 920 3571 τῆς
955 3489 1088 3571 φύσεως

79 3597 237 3675 λαβόντες
260 3592 505 3678 ἀποτελέσματα
528 3591 664 3680 (λίθους
687 3592 767 3679 φέρε
790 3592 845 3658 καί
867 3595 951 3670 πόας
973 3592 1029 3658 καί
1047 3595 1088 3658 τὰ

76 3819 90 3853 ν
150 3864 189 3910 21.
209 3856 295 3908 lin?
403 3862 444 3913 22.
465 3860 638 3933 ελκυσασαῆν
664 3858 721 3928 etQ
737 3857 775 3913 M
882 3861 935 3909 ὶὶ,
952 3854 1121 3920 mmm

67 3925 103 3975 M
116 3925 317 3994 (λαμβάνοντες
331 3931 377 3998 pt)
848 3968 850 3972 Α
