2394 4208
32 35 850 330 -ίΙ

81 567 172 621 xvm
186 571 215 640 ι]
346 569 394 624 οι]
412 568 670 624 mmmm
688 568 810 625 mm
1023 567 1088 631 623

80 754 142 793 νον
169 727 230 814 μὲν
257 741 296 817 τῇ
323 735 504 819 παρουσίᾳ,
532 741 571 818 τη
599 731 744 819 ἀπουσίᾳ
773 729 809 796 δὲ
833 734 985 813 ἄτακτον,
1007 734 1088 815 πρό-

80 837 199 918 δηλον,
228 837 278 900 ὅτι
306 839 343 902 τὸ
371 837 408 903 ἐν
435 847 474 924 τῇ
502 837 585 924 αὐτῇ
614 837 727 922 μένειν
754 837 842 916 τάξει
865 838 927 903 ούκ
950 844 1088 904 ολκοθεν

80 945 169 1025 ἔχειν
196 943 299 1007 αάτὸν
325 945 480 1027 βούλεται
509 946 651 1010 Πλάτων
678 942 748 1008 ἀλλ’
777 944 812 1009 ἐκ
839 955 897 1029 τῆς
919 954 980 1010 τοῦ
1002 952 1088 1010 θεοῦ

79 1053 276 1133 παρουσίας·
304 1052 334 1114 εἰ
356 1053 419 1136 γὰρ
443 1057 581 1117 οίκοθεν
603 1047 691 1135 εἶχεν
712 1052 750 1116 τὸ
774 1051 811 1116 έν
832 1051 942 1139 ταύτῷ
964 1051 1087 1134 μένειν,

79 1154 143 1219 κάν
172 1154 240 1220 κατ’
271 1155 422 1221 ἐπίνοιαν
452 1157 540 1241 ἀπην
569 1167 628 1223 τοῦ
658 1165 743 1224 θεοῦ
772 1158 790 1223 δ
818 1160 955 1242 κόσμος,
987 1154 1088 1222 οὐδὲν
1115 1181 1129 1223 τ

79 1258 181 1344 ἦττον
211 1262 247 1327 έν
278 1264 388 1350 ταύτῷ
417 1263 613 1348 τεταγμένος
643 1268 766 1348 ἔμενεν.
812 1265 841 1328 ελ
869 1258 934 1329 οὖν
961 1264 998 1328 τὸ
1025 1260 1089 1347 μέν

79 1368 280 1452 τεταγμένον
307 1372 442 1455 ὥρισται
473 1369 528 1435 καὶ
557 1372 712 1449 ὡσαύτως
741 1375 806 1457 ἔχει
833 1373 915 1435 κατὰ
937 1369 974 1435 τὸ
997 1371 1087 1434 τετά-
1134 1406 1139 1415 ·

80 1482 176 1558 χθαι,
204 1475 265 1553 ἕως
292 1475 335 1540 ἀν
360 1470 382 1561 ᾗ
409 1472 619 1561 τεταγμένον,
645 1479 682 1542 τὸ
707 1474 744 1542 δὲ
768 1479 909 1542 ἄτακτον
931 1475 1088 1561 ἀόριστον

81 1580 122 1644 δν
146 1581 304 1648 οὐδέποτε
328 1581 365 1647 έν
391 1583 500 1670 ταύτῷ
523 1582 613 1668 με’νει
641 1582 697 1670 (οὐ
720 1585 782 1670 γάρ
806 1579 913 1667 ἀνίην
936 1584 1087 1666 ἄτακτον,

81 1690 111 1751 ελ
140 1688 221 1773 ὅρον
248 1689 302 1754 καὶ
330 1693 512 1773 ταυτότητα
535 1688 747 1776 ἐφύλαττεν),
775 1693 840 1775 ἔχει
863 1685 900 1754 δὲ
924 1688 941 1754 ὁ
965 1691 1088 1772 κόσμος
1101 1714 1129 1755 ιο

79 1796 142 1877 τὴν
169 1794 262 1872 τᾶξιν
290 1795 324 1861 έκ
352 1806 409 1880 τῆς
436 1805 496 1861 τοῦ
518 1804 604 1862 θεοῦ
627 1796 829 1881 ἐπιστασίας,
854 1793 1028 1881 στερηθείς
1051 1791 1087 1859 δὲ

78 1904 200 1984 ταύτης
223 1905 271 1980 εἰς
293 1902 430 1980 ἀταξίαν
451 1907 647 1969 καθίσταται
671 1904 712 1969 ού
730 1912 790 1968 τοῦ
810 1910 894 1968 θεοῦ
912 1910 1087 1986 ποιητικοῦ

80 2010 188 2073 αἰτίου
212 2020 270 2093 τῆς
293 2008 424 2087 ἀταξίας
448 2011 544 2087 ὄντος
566 2009 636 2074 ἀλλ’
660 2011 740 2075 αὐτὸ
764 2013 870 2094 μόνον
892 2011 935 2094 μὴ
954 2010 1087 2074 τάττον-

80 2140 150 2197 τος,
182 2116 281 2192 αὐτὸς
311 2118 465 2199 δηλονότι
495 2117 533 2181 τὸ
563 2112 625 2201 μὲν
654 2118 810 2193 ὡσαύτως
839 2120 927 2201 ἔχειν
959 2115 994 2180 ἐκ
1026 2124 1087 2180 τοῦ

80 2230 165 2287 θεοῦ
190 2226 255 2307 ἔχει
283 2220 420 2307 (ταύτὸν
442 2224 505 2310 γάρ
530 2223 620 2288 ε’στιν
642 2233 740 2288 τοῦτο
764 2231 810 2310 τῷ
837 2220 1024 2309 τετύχθαι),
1049 2222 1086 2285 τὸ
1102 2245 1129 2286 τε

81 2326 118 2393 δὲ
142 2331 257 2394 ἄλλοτε
281 2332 387 2406 ἄλλως
410 2329 446 2395 ἐκ
468 2340 525 2414 τῆς
550 2331 636 2407 λδίας
659 2332 803 2415 φύσεως·
827 2339 926 2394 τοῦτο
947 2331 1008 2416 γὰρ
1027 2330 1088 2394 πύ-

81 2441 135 2499 λιν
165 2446 203 2520 τῇ
234 2435 349 2522 ἀταξίη
377 2437 500 2502 ταύτὸν
530 2433 615 2502 εἶναι
647 2436 818 2501 δέδεικται.
863 2436 946 2500 ὥστε
975 2436 996 2519 ἡ
1026 2432 1088 2519 μὲν

80 2547 247 2628 παρουσία
282 2553 342 2608 τοῦ
379 2551 464 2608 θεοῦ
495 2554 553 2628 τῆς
583 2542 703 2621 τάξεως
734 2541 789 2608 καὶ
821 2553 879 2626 τῆς
910 2541 947 2608 ἐν
978 2542 1088 2630 ταύτῷ

80 2659 184 2732 μονης
215 2653 389 2733 ποιητικόν
421 2649 512 2714 ἐστιν
544 2655 661 2734 αίτιον,
692 2649 713 2733 ἡ
742 2646 779 2714 δὲ
806 2648 963 2732 ἀπουσία,
995 2654 1086 2732 είπερ

80 2757 159 2839 ἄρα,
186 2757 268 2820 κατὰ
296 2757 503 2840 συμβεβηκὸς
530 2766 587 2841 τῆς
612 2754 744 2833 ἀταξίας
767 2754 857 2821 ἐστὸν
880 2756 983 2838 αίτία,
1006 2752 1082 2820 καθ’
1101 2778 1128 2818 ιο

80 2863 160 2926 αὑτὸ
190 2859 226 2926 δὲ
255 2863 336 2946 αὐτὴ
359 2863 379 2945 ἡ
403 2872 463 2927 τοῦ
486 2866 612 2946 κόσμου
642 2867 769 2947 μᾶλλον
792 2858 829 2927 δὲ
851 2861 871 2945 ἡ
894 2870 955 2926 τοῦ
978 2863 1086 2945 σώμα-

80 2993 136 3044 τος
160 2970 276 3052 φύσις,
299 2970 344 3046 ὡς
367 2967 421 3033 καὶ
444 2978 504 3034 τοῦ
527 2973 691 3052 ναυαγίου
715 2979 773 3054 τῆς
795 2969 878 3045 νεὼς
900 2969 983 3032 κατά
1005 2985 1087 3051 συμ-

79 3075 219 3156 βεβηκὸς
248 3071 309 3159 μὸν
338 3073 358 3157 η
388 3083 448 3138 τοῦ
478 3077 684 3161 κυβερνήτου
714 3073 873 3154 ἀπουσία,
901 3070 977 3137 καθ’
1005 3073 1086 3137 αὑτὸ

80 3178 116 3244 δὲ
144 3181 164 3264 ἡ
194 3189 255 3245 τοῦ
285 3182 455 3258 κλύδωνος
487 3167 590 3265 φύσις
622 3183 709 3246 αἰτία
740 3181 777 3245 τὸ
811 3180 977 3265 σταθερὸν
1005 3179 1087 3242 κατά

80 3289 187 3372 φύσιν
223 3287 285 3351 ούκ
322 3290 450 3372 ἔχουσα.
505 3289 588 3354 ὥστε
623 3285 679 3352 καὶ
716 3284 759 3352 δι’
796 3286 896 3370 αὐτῆς
931 3285 1052 3368 ταύτης
1081 3281 1128 3371 [τε

78 3406 136 3478 τῆς
165 3393 201 3458 ἐν
228 3398 389 3482 πολιτικῷ
416 3394 608 3471 ὑποθέσεως
635 3396 692 3471 τάς
722 3392 798 3479 περὶ
824 3401 885 3458 τοῦ
913 3415 1006 3475 γενη-
1031 3407 1141 3448 mor.

78 3503 138 3565 τὸν
161 3496 247 3565 εἶναι
270 3499 324 3565 καλ
344 3502 500 3586 φθαρτὸν
518 3503 599 3566 κατά
617 3502 723 3585 φύσιν
740 3501 800 3564 τὸν
818 3502 944 3583 κόσμον
962 3500 1087 3575 οἰκείας

238 3677 286 3747 [τω
288 3676 312 3746 ελ

155 3736 178 3782 7.
198 3745 276 3783 ωοαυ
332 3730 360 3782 Μ
444 3735 468 3783 9.
488 3723 547 3803 [ην]
566 3729 596 3783 Μ
687 3735 727 3784 11.
747 3726 979 3799 smovao[t]acM

80 3805 121 3851 13.
142 3796 200 3852 ἀλλ’
219 3800 287 3854 αύτδ
306 3799 350 3867 (cf.
370 3805 431 3867 373,
446 3805 487 3855 27.
509 3805 560 3854 625
562 3800 641 3871 ‚16)]
660 3797 718 3853 αλλ’
736 3800 786 3854 ἀτο
806 3798 838 3851 Μ
922 3804 971 3850 kb
987 3799 1098 3861 ww

71 3873 148 3988 ἔδοι
171 3871 210 3991 δέ,
308 3875 348 3924 30.
373 3871 475 3944 amm
499 3871 529 3926 Μ
639 3877 686 3928 ⁶23.
705 3889 817 3927 αποσιυ.
831 3869 873 3922 Μ.
979 3868 1036 3913 Ἃ
1050 3862 1121 3908 ὼν

90 3957 155 3997 στος
