2394 4208
67 582 144 636 XVII
159 584 186 654 6]
333 582 381 636 DE
400 581 657 638 AETERNITATE
676 580 797 638 MVNDI
1011 582 1076 647 603

68 742 162 821 τάξιν
187 747 311 829 ἤγαγεν
339 743 374 809 έκ
400 755 458 828 τῆς
486 742 647 833 ἀταξίας),
671 744 835 831 ἐνδέχεται
859 745 890 810 τί
906 738 977 831 Ιἄρα
1000 743 1075 828 ἀγέ·

68 875 171 934 νητον
198 850 239 916 ὂν
265 851 422 936 φθαρτὸν
450 847 550 936 εἶναι,
578 857 613 916 εί
635 875 673 936 γε
694 853 698 936 Ι
718 853 755 917 τὸ
778 848 840 937 μέν
862 851 880 917 ὁ
906 854 995 938 Πρό·
1013 868 1126 910 somn.

67 963 146 1034 κλος
174 956 317 1022 δέδωκεν
344 958 380 1022 τὸ
409 956 579 1042 ἀγένητον,
608 959 644 1022 τὸ
673 954 710 1022 δὲ
734 959 876 1024 Πλάτων
903 960 939 1023 τὸ
964 965 1075 1045 φθαρ-

67 1067 135 1128 τόν.
181 1067 215 1127 τί
240 1058 303 1128 οὖν
330 1064 450 1128 κωλύει
476 1062 531 1127 καὶ
560 1064 596 1128 τὸ
624 1062 824 1148 τεταγμένον
851 1066 992 1148 γενητὸν
1013 1063 1076 1150 μὲν

68 1167 154 1235 εἶναι
177 1172 355 1255 ἄφθαρτον
378 1168 428 1248 θές
451 1171 557 1247 ἄλλως
580 1193 616 1234 τε
640 1172 669 1235 εί
691 1169 746 1235 καὶ
768 1171 806 1235 τὸ
831 1169 991 1254 ἀγένητον
1014 1182 1073 1238 τοῦ
1101 1197 1114 1238 ε

69 1277 247 1361 ἀφθάρτου
279 1286 429 1362 κρεῖττον
460 1275 515 1340 καὶ
546 1276 583 1340 τὸ
617 1278 759 1342 ἄτακτον
791 1275 952 1361 ἀγένητον
989 1274 1075 1343 εἶναι

67 1386 346 1468 συγχωρήσωμεν,
373 1382 456 1447 ἀλλά
483 1405 520 1466 γε
542 1380 597 1446 καί
620 1384 657 1446 τὸ
681 1384 859 1469 ἄφθαρτον
881 1391 940 1447 τοῦ
964 1390 1075 1469 φθαρ-

67 1498 127 1553 τοῦ
155 1491 306 1573 κρεῖττόν
332 1487 431 1554 ἐστιν.
476 1487 637 1554 ὥστεκαὶ
660 1490 697 1553 τὸ
721 1489 920 1573 τεταγμένον
943 1491 1075 1576 ἄφθαρ-

65 1618 128 1659 τον
150 1594 191 1658 ὂν
213 1596 295 1660 κατά
318 1596 482 1660 Πλάτωνα
504 1597 655 1681 κρεῖττόν
678 1594 769 1660 ἐστιν
791 1597 873 1660 κατά
896 1604 995 1660 τοῦτο
1014 1605 1075 1661 τοῦ

67 1701 209 1766 ἀτάκτου
234 1708 390 1785 φθαρτοῦ
414 1702 518 1778 ὄντος.
564 1700 689 1766 οὐκοῦν
710 1701 793 1765 κατά
814 1725 846 1765 τι
869 1697 931 1785 μὲν
954 1700 990 1765 έκ
1012 1709 1115 1768 τοῦτο

66 1812 255 1891 κρείττονος
282 1816 342 1872 τοῦ
366 1807 538 1891 άγενήτον,
565 1807 647 1872 κατά
669 1830 700 1871 τι
723 1803 761 1871 δὲ
784 1806 819 1872 έκ
841 1816 901 1872 τοῦ
926 1811 1076 1892 χείρονος

66 1922 127 1977 τοῦ
152 1919 308 1998 φθαρτοῦ
330 1913 351 1997 ἡ
374 1922 434 1977 τοῦ
457 1911 657 1998 τεταγμένου
682 1912 772 1979 ἐστὶν
795 1912 922 1997 γένεσις
939 1911 995 1978 καί
1014 1913 1077 1998 οὐχ

68 2020 180 2095 ἁπλῶς
203 2019 238 2084 ἐκ
261 2023 449 2105 κρείττονος
467 2020 504 2084 τὸ
524 2031 637 2105 χεῖρον
656 2019 839 2104 γεγένηται,
858 2021 902 2097 ὡς
921 2022 1076 2106 Πρόκλος

67 2129 182 2210 φησίν.
227 2125 280 2190 καὶ
310 2128 339 2190 εί
367 2126 404 2190 τὸ
433 2121 518 2190 εἶναι
547 2135 607 2191 τοῦ
633 2127 677 2210 μὴ
706 2122 792 2192 εἶναι
815 2136 976 2214 κρεῖττον,
1004 2124 1075 2191 ἐπεὶ

69 2231 123 2297 καὶ
147 2230 276 2316 γένεσις
300 2238 447 2317 φθορᾶς,
471 2233 515 2308 ὡς
537 2231 638 2325 αὐτάρ
657 2250 771 2317 φησιν,
789 2230 844 2297 καὶ
862 2233 899 2296 τὸ
919 2228 980 2315 μὲν
998 2233 1074 2296 ἄτα·
1088 2256 1115 2299 ιο

67 2363 147 2403 κτον
171 2339 317 2403 δυνατὸν
340 2334 382 2422 ἦν
404 2336 518 2423 μηκέτι
542 2333 627 2403 εἶναι
652 2341 818 2426 φθαρτόν,
841 2342 949 2403 καίτοι
974 2362 1011 2421 γε
1034 2338 1075 2403 ὃν
1128 2341 1130 2347 ’

67 2445 122 2510 καὶ
146 2445 289 2531 φθαρέν,
312 2446 349 2510 τὸ
374 2441 411 2509 δὲ
433 2442 633 2528 τεταγμένον
656 2443 824 2510 ἀθάνατον
851 2441 894 2528 ἦν
920 2446 964 2529 μὴ
989 2440 1075 2510 εἶναι

68 2554 245 2636 ἄφθαρτον
268 2554 318 2634 ἄν,
346 2550 401 2616 καὶ
424 2551 534 2627 ἀτελῶς
556 2552 620 2637 ἄρα
642 2562 794 2637 κρεῖττον
815 2552 853 2615 τὸ
877 2549 1077 2635 τεταγμένον

67 2667 127 2722 τοῦ
151 2657 301 2723 ἀτάκτου.
348 2657 383 2722 ἐκ
406 2667 466 2722 τοῦ
489 2662 640 2745 χείρονος
662 2659 726 2743 ἄρα
747 2657 768 2741 ἡ
792 2665 851 2722 τοῦ
874 2656 1075 2742 τεταγμένου

69 2763 206 2846 γένεσις.
252 2762 322 2829 ἀλλ’
346 2760 437 2848 οἶμαι
460 2767 633 2849 φιλοτιμία
655 2766 761 2848 μόνον
784 2762 874 2829 ἐστὶν
896 2765 1030 2850 περιττὴ
1053 2763 1117 2847 ἡιο

67 2871 202 2953 τοιαύτη
231 2882 298 2935 τῶν
321 2873 431 2953 λόγων
453 2873 597 2957 στροφή,
625 2874 787 2956 χρήσιμον
810 2867 847 2936 δέ
870 2867 950 2935 οὐδὲ
972 2893 1075 2958 πραγ-

67 2978 246 3059 ματειῶδες
274 2974 375 3042 οὐδὲν
398 2980 477 3061 ἔχει·
514 2978 598 3043 ὅθεν
620 2976 704 3061 ἡμᾶς
727 2977 852 3061 ἀνάγκη
876 2987 944 3041 τῶν
966 2977 1076 3041 τοιού-

67 3107 136 3147 των
162 3089 288 3147 θᾶττον
316 3082 490 3166 ἀποπηδᾶν
512 3086 636 3166 λόγων·
672 3081 728 3148 καί
752 3080 832 3149 οὐδὲ
854 3092 961 3148 κινεῖν
984 3078 1076 3166 οἶμαι

67 3191 129 3272 την
162 3188 265 3273 ἀρχὴν
296 3191 336 3253 τά
367 3199 504 3254 τοιαῦτα
534 3189 594 3253 τὸν
626 3192 818 3273 φιλόσοφον
849 3186 892 3273 ἦν
925 3188 1075 3273 εὔλογον.

68 3295 120 3359 ὅτι
151 3293 188 3360 δὲ
218 3292 298 3361 οὐδὲ
327 3296 426 3373 κακὸς
456 3296 474 3361 ὁ
505 3296 722 3381 δημιουργός,
753 3297 782 3360 εί
809 3296 846 3359 τὸ
874 3292 1075 3378 τεταγμένον
1088 3317 1115 3360 ιε

67 3405 222 3485 φθείροι,
251 3401 287 3466 ἐν
314 3410 360 3489 τῷ
389 3400 421 3476 ς’
445 3404 501 3467 διὰ
527 3404 693 3467 πλειόνων
720 3400 897 3486 ἐδείξαμεν.
943 3403 1075 3466 ἔσονται

67 3505 105 3573 δὲ
134 3509 219 3573 οὕτω
247 3507 301 3574 καὶ
330 3510 362 3573 οἱ
391 3508 560 3593 ίγκόσμιοι
587 3506 664 3573 θεοὶ
691 3506 786 3572 κακοί
814 3508 854 3571 τά
880 3509 998 3593 μερικᾶ
1024 3530 1075 3573 τε·

140 3741 165 3791 3.
180 3741 203 3789 4.
225 3733 368 3807 φθαρτόν]
387 3738 539 3803 αφθαρτον
556 3735 586 3789 Μ
694 3741 736 3789 10.
756 3735 849 3806 μεν[εν
869 3733 919 3803 en]
939 3734 968 3787 M

70 3847 110 3895 15.
130 3858 194 3910 pag.
210 3850 270 3912 οοο,
287 3847 318 3893 ιι
401 3847 440 3895 16.
461 3838 531 3913 μην,
548 3856 583 3895 ιι
602 3859 637 3912 ει,
653 3842 686 3895 M
763 3847 813 3895 ιο.
830 3823 987 3905 mh&

60 3954 102 3999 ιν,
123 3924 237 3999 offam
255 3927 326 4015 ηάις
344 3948 377 4002 Μ
432 3954 476 4005 24.
496 3949 588 4026 ηομ,
607 3967 645 4007 ex
664 3949 752 4023 αθ
809 3943 862 4000 ‘m
876 3934 1139 4011 mmmm*-
