2394 4208
75 537 140 591 XIII
156 540 201 608 15]
339 535 388 590 DE
407 534 663 590 AETERNITATII
681 534 803 591 MVNDI
1019 535 1084 600 525

74 700 232 777 ὡσαύτως
255 709 312 784 τῆς
335 700 466 782 φύσεως
489 707 549 763 τοῦ
569 700 718 783 σώματος
735 699 876 784 ῥεούσης
894 698 958 764 ἀεί·
984 708 1084 764 τοῦτο

77 809 140 891 μάρ
165 808 257 871 δοκεῖ
279 817 349 883 τοῖς
371 829 406 870 τε
429 807 542 883 ἄλλοις
564 816 634 882 τοῖς
656 804 732 891 περὶ
755 808 888 890 φύσεως
914 807 1085 892 εἰρηκόσιν

77 913 131 978 καὶ
155 914 244 1000 αὐτῷ
268 921 314 999 τῷ
338 913 494 977 Πίάτωνι
518 911 559 977 οὐ
580 915 687 997 μόνον
709 911 784 999 περὶ
807 924 875 978 τῶν
893 914 1003 978 ἀλλων
1022 929 1085 977 σω-

77 1021 189 1104 μάτων
213 1018 373 1084 ἀλλὰκαὶ
396 1018 471 1105 περὶ
493 1029 561 1083 τῶν
584 1018 752 1103 οὐρανίων
776 1019 897 1083 αὐτῶν·
929 1030 998 1096 πῶς
1021 1019 1084 1103 γάρ

78 1128 129 1210 ἀν,
158 1131 272 1210 φησίν,
294 1128 297 1210 I
319 1127 453 1209 σώματα
480 1128 561 1191 όντα
586 1123 640 1189 καὶ
669 1124 820 1211 ὁρώμενα
847 1127 884 1190 τὸ
904 1126 1006 1212 ἀπαρ-
1029 1141 1066 1181 101-
1075 1142 1137 1182 21³2

79 1234 246 1309 αίίάκτως
260 1230 323 1309 ἔξει
341 1231 397 1297 καὶ
415 1233 451 1297 τὸ
472 1232 640 1310 ὡσαύτωςς
664 1243 846 1317 συγχωρῶν
864 1232 919 1297 καὶ
938 1232 991 1297 ἐπὶ
1009 1232 1085 1296 τού·
1112 1257 1125 1296 ε

77 1364 145 1403 των
177 1341 333 1422 δηλονότι
366 1346 412 1426 τῷ
441 1337 656 1426 Ἡρακλείτῳ,
693 1337 729 1415 ὃς
761 1341 824 1423 ἔφη
857 1337 908 1403 ἀεὶ
940 1338 994 1403 καὶ
1025 1339 1085 1403 τὸν

77 1448 175 1529 η’λιον
202 1449 366 1529 γίνεσθαι.
408 1442 623 1531 Ἀριστοτίλει
651 1441 712 1529 μὲν
740 1446 803 1532 χάρ
830 1442 931 1510 οὐδὲν
952 1455 1086 1530 πρᾶγμα

80 1559 145 1636 εἴη,
173 1558 207 1616 εί
225 1576 275 1629 τις
299 1552 388 1640 αὐτῷ
410 1553 468 1628 τὰς
489 1550 669 1628 ὑποθέσεις
691 1560 751 1616 τοῦ
774 1550 922 1635 πέμπτου
945 1549 1085 1636 παραόί

79 1658 169 1736 ξαιτο
193 1660 355 1742 σώματος·
377 1669 448 1735 τοῖς
470 1655 507 1723 δὲ
529 1659 574 1743 μὴ
597 1667 695 1722 τοῦτο
718 1656 921 1742 τιθεμένοις,
944 1667 1004 1723 τοῦ
1024 1658 1086 1723 603-
1101 1682 1127 1721 ιο

79 1789 180 1849 ματος
204 1762 241 1829 δὲ
264 1764 300 1829 ίκ
322 1766 451 1830 τούτων
473 1766 570 1842 όντος
592 1774 652 1830 τοῦ
674 1764 832 1850 οὐρανοῦ,
852 1763 884 1842 ἐξ
904 1759 1013 1849 ὧνπερ
1031 1761 1086 1828 καὶ

79 1875 119 1936 τά
147 1873 225 1959 τῇδε
253 1876 332 1959 ζῷα,
359 1883 429 1949 πῶς
456 1874 492 1937 τὸ
521 1873 597 1936 τόδε
620 1870 662 1937 ἀν
685 1872 780 1956 ἔχοι;’
816 1870 871 1936 καὶ
893 1868 969 1956 μεθ’
993 1869 1088 1955 ἔτερα

79 1979 137 2066 ζτῷ
164 1975 226 2062 μὲν
253 1973 316 2043 οὖν
343 1982 467 2067 Τιμαίῳ
483 1980 527 2043 -τὸ
550 1987 611 2043 τοῦ
634 1979 757 2055 παντὸς
780 1989 873 2062 σῶμα
895 1978 1088 2060 πεποιηκότι

79 2095 213 2169 πρῶτον
241 2083 276 2148 ἐκ
304 2094 364 2168 γῆς
391 2083 446 2149 καὶ
474 2087 594 2171 πυρός,
623 2085 680 2149 ἵνα
707 2083 828 2170 ὁρατόν
855 2107 890 2148 τε
916 2077 938 2168 ᾗ
966 2085 1022 2148 διὰ
1049 2083 1086 2148 τὸ

81 2200 163 2277 πῦρ,
191 2191 326 2277 στερεὸν
354 2188 390 2256 δὲ
418 2192 474 2255 διὰ
500 2192 562 2274 τὴν
590 2201 664 2274 γῆν,
692 2189 895 2256 ἀκολουθεῖν
919 2187 1010 2267 ἔδοξε
1032 2187 1088 2254 καὶ
1102 2214 1128 2255 ιτ

80 2300 120 2362 τά
156 2299 259 2383 ἄστρα
295 2308 406 2362 ποιεῖν
438 2298 478 2362 οὐ
513 2306 579 2362 πᾶν
611 2297 694 2362 ἀλλά
724 2298 762 2362 τὸ
795 2302 952 2363 πλεῖστον
982 2297 1089 2381 πυρὸς

82 2409 183 2488 ἔχειν,
215 2402 290 2468 ’ἐπεὶ
326 2406 366 2467 τὰ
398 2405 500 2490 ἀστρα
531 2404 568 2468 τὸ
603 2405 737 2490 στερεὸν
773 2407 925 2488 φαίνεται
963 2405 1088 2487 ἔχοντα

81 2510 136 2575 καὶ
168 2517 245 2587 ίσως
276 2511 387 2596 ὀρθῶς
417 2508 460 2574 ἀν
489 2513 557 2594 ἔχοι
588 2514 883 2595 συνεπικρίναντος
912 2508 967 2574 καὶ
998 2510 1088 2574 Ind-

81 2642 186 2693 τωνος
208 2625 254 2705 τῷ
278 2619 379 2683 εἰκότι
402 2619 463 2700 τὴν
489 2618 624 2701 γνώμην
650 2618 786 2701 ταύτην·
822 2618 911 2703 παρὰ
937 2613 998 2700 μὲν
1025 2617 1088 2702 γὰρ

82 2733 139 2806 τῆς
170 2725 356 2807 αἰσθήσεως
388 2723 470 2787 κατά
501 2747 535 2787 τε
567 2725 628 2806 τὴν
657 2725 737 2801 όηιιν
767 2723 849 2788 κατά
878 2746 912 2787 τε
942 2724 1003 2806 τὴν
1032 2732 1089 2806 τῆς
1103 2750 1129 2789 ιο

82 2831 170 2914 ἁφῆς
188 2831 366 2913 ἀντίληψιν
383 2830 489 2915 πυρὸς
511 2833 599 2914 ἔχειν
621 2830 658 2894 τὸ
681 2834 798 2896 πλεῖον
819 2829 839 2913 ἢ
864 2830 900 2894 τὸ
923 2839 990 2894 πᾶν
1013 2834 1089 2913 φαί-

83 2961 188 3021 νεται,
213 2940 268 3002 όιά
291 2933 328 3002 «II
351 2946 411 3001 τοῦ
435 2940 538 3020 λόγου
562 2936 810 3020 ἐπισκοποῦσιν,
839 2936 928 3000 εἰτὸ
954 2938 1089 3022 στερεὸν

83 3046 162 3109 ἀνευ
192 3055 252 3128 γῆς
280 3044 341 3107 οὐκ
368 3042 410 3107 ἀν
438 3041 583 3127 γίνοιτο,
611 3041 665 3107 καὶ
695 3052 755 3127 γῆς
778 3041 820 3107 ἀν
843 3045 921 3127 ἔχοι.
966 3043 1090 3119 ὕδατος

83 3146 119 3214 δὲ
148 3148 202 3214 καὶ
230 3148 326 3235 ἀέρος
353 3153 388 3213 τί
419 3147 461 3213 ἀν
493 3147 616 3228 δίοιτο;
647 3150 772 3213 ἀτοπόν
803 3172 838 3212 τε
871 3151 933 3233 γὰρ
962 3147 1090 3226 δόξειεν

82 3257 204 3333 ὕδατος
232 3252 317 3320 εἶναι
346 3255 382 3320 ἐν
409 3257 556 3344 τοσούτω
583 3259 679 3340 πυρί,
708 3255 725 3319 ὅ
753 3278 788 3319 τε
816 3254 878 3341 ἀήρ
906 3278 941 3319 τε
970 3256 999 3320 εί
1022 3255 1130 3340 ἐνίησι

155 3420 178 3467 5.
199 3412 266 3467 ὄντα
281 3413 321 3484 Μ]
337 3412 435 3482 ἔχοντα
449 3412 520 3467 Plot.
574 3413 605 3466 τὸ
625 3428 677 3465 om.
693 3411 763 3466 Plot.
819 3415 843 3465 8.
863 3409 942 3480 ἥλιον
961 3409 1090 3481 γίνεσθαι

84 3484 168 3555 plot]
184 3487 313 3554 χινεσθαι
328 3488 405 3553 ηλιον
419 3483 461 3550 Μ;
480 3481 559 3552 ἥλιον
573 3484 617 3537 ἀεὶ
637 3481 765 3553 γίνεσθαι
783 3485 816 3552 pt
871 3481 954 3537 οὐδὲν
968 3481 1004 3537 ἀν
1018 3482 1089 3537 Plot.

156 3562 179 3608 9.
200 3557 286 3609 αὐτοῦ
305 3555 375 3608 Plot.
451 3561 491 3608 13.
511 3554 626 3608 Plot.II
649 3561 701 3622 1‚6
774 3560 815 3608 17.
836 3553 932 3622 ἐπειδὴ
951 3553 1022 3607 Plot.

83 3633 125 3680 21.
152 3630 278 3680 πλεῖστον
303 3625 374 3679 Plot.
484 3631 525 3678 22,
552 3642 667 3692 οτερεων
692 3625 721 3677 Μ
753 3625 792 3748 Sin
819 3641 907 3695 marg.
937 3629 1019 3694 ζητει)

83 3704 126 3752 24.
146 3695 287 3769 δόξμιηεν,
302 3712 335 3750 ex
353 3718 385 3765 η,
400 3697 440 3767 M]
460 3694 534 3760 δόξει
548 3695 619 3749 ΡΙοί.
692 3702 734 3749 25.

83 3770 117 3822 οό
135 3774 173 3840 τῷ
191 3766 258 3835 πυρί
277 3773 321 3837 pt3
341 3764 478 3836 spiritus’
501 3769 530 3820 et
548 3783 604 3820 ace.
619 3771 631 3783 ”
651 3782 735 3835 supra
753 3786 786 3820 ov
806 3766 858 3821 del.
909 3772 918 3835 η
973 3765 1020 3820 ἁτε
1038 3787 1099 3830 ωηο

77 3857 195 3976 χχχχεεχχ
207 3839 283 3961 ίχηὶόχ
303 3837 347 3892 ὅτε
366 3837 420 3905 ἀήρ
440 3857 468 3892 τε
487 3833 552 3908 εἶεν,
571 3835 589 3908 ἢ
607 3840 621 3893 t
640 3840 670 3892 σε
688 3836 772 3909 (ἀὴρ,
790 3854 848 3892 om.
866 3839 909 3904 τεη
924 3832 1122 3902 οχότείιὶω

768 3716 784 3749 ν
803 3694 873 3750 Plot.
907 3715 937 3749 εκ
955 3696 984 3749 Μ
1004 3696 1092 3764 (ἐκτὸς
