2394 4208
10 37 840 341 -
916 140 940 187 ς.

69 521 113 577 IV
128 522 174 596 14]
348 522 396 577 DE
416 523 671 578 AETERNITATE
689 524 811 579 MVNDI
1041 525 1083 590 97

69 709 186 770 μενον,
217 687 305 752 καθὸ
334 689 424 752 ἔσται
455 686 549 771 ποτέ,
581 688 673 753 οὗτοι
705 697 770 753 νῦν
802 687 892 754 ἐστιν
926 687 1084 777 ἐνεργείᾳ,

69 791 144 858 ἐπεὶ
170 789 254 876 μηδὲ
283 795 320 858 τὸ
352 792 511 878 ἐσόμενον
540 791 619 859 τιοτέ
648 803 709 860 τοῦ
739 798 861 880 χρόνου
891 795 991 880 μέρος
1020 805 1085 860 νῦν

71 899 223 986 ἐνεργείᾳ
246 898 338 964 ἐστίν
352 937 393 946 ——
409 906 457 983 είη
479 901 542 985 γάρ
565 901 602 965 τὸ
622 899 744 984 μέλλον
761 902 824 986 ἤδη
845 901 976 978 ἐνεστὸς
994 900 1085 988 ἐνερ-

71 1009 147 1092 γείᾳ
167 1043 220 1089 -,
243 1005 369 1089 ἀνάγκη
394 1006 501 1089 δήπου
525 1009 587 1090 τὴν
605 1006 765 1091 ἐσομένην
782 1004 861 1072 ποτέ
879 1017 939 1073 τοῦ
957 1011 1084 1093 κόσμου

71 1109 216 1198 ὕπαρξιν
239 1121 304 1177 νῦν
327 1113 468 1196 δυνάμει
491 1108 585 1178 εἶναι.
631 1114 757 1179 οὐκοῦν
780 1113 834 1179 καί
858 1114 876 1179 6
900 1120 1005 1191 αίτιος
1027 1125 1085 1200 της
1112 1141 1125 1181 ε

72 1217 232 1303 ἐσομένης
263 1228 323 1284 τοῦ
355 1220 481 1302 κόσμου
513 1218 682 1305 ὑπάρξεως
714 1229 779 1285 νῦν
813 1223 953 1305 δυνάμει
985 1222 1085 1306 αὐτῆς

72 1325 164 1390 ἐστιν
187 1330 306 1401 αίτιος·
334 1326 443 1410 ὥσπερ
468 1327 530 1411 γὰρ
558 1328 618 1391 τὸν
640 1330 766 1411 κόσμον
788 1329 825 1393 τὸ
849 1329 911 1412 ἤδη
936 1327 1085 1414 ἐνεργείᾳ

71 1427 151 1496 ποτέ
180 1425 265 1495 είυαι
296 1430 357 1495 οὐκ
385 1431 575 1517 ἀφαιρεῖται
607 1442 668 1498 τοῦ
696 1429 782 1499 εἶναι
810 1434 964 1518 δυνάμει,
996 1437 1083 1501 καθὸ

70 1541 164 1609 ,ἐσται
182 1536 272 1620 ποτέ,
291 1538 348 1602 διά
366 1538 403 1602 τὸ
423 1539 691 1624 συνδιαιρείσθαι
710 1548 756 1626 τῷ
775 1543 883 1627 χρόνῳ
901 1541 963 1624 την
980 1541 1084 1628 ὑκαρ·

71 1642 125 1722 ξιν
153 1642 274 1726 αὑτοῦ,
306 1643 412 1720 οὕτως
444 1641 523 1709 οὐδὲ
556 1646 615 1709 τὸν
645 1651 753 1709 αίτιον
782 1655 839 1728 τῆς
868 1656 927 1710 τοῦ
957 1650 1084 1732 κόσμου
1099 1674 1124 1712 ιο

70 1747 244 1834 ὑπάρξεως
266 1751 304 1814 τὸ
332 1750 395 1835 ἤδη
420 1749 488 1814 κατ’
512 1750 682 1836 ἐνέργειαν
709 1751 813 1814 αὑτὸν
840 1751 1012 1835 γεγονέναι
1035 1760 1084 1818 αί-

71 1880 158 1940 τιον,
179 1854 276 1943 καλθὸ
294 1857 357 1941 ἤδη
377 1856 510 1940 ὑπέστη,
535 1856 723 1941 ἀφαιρεῖται
742 1865 802 1921 τοῦ
822 1852 907 1921 εἶναι
927 1858 1027 1923 δυνά·
1039 1876 1139 1917 remov-

73 1987 142 2047 μει,
162 1965 249 2030 καθὸ
273 1966 363 2028 ἔσται
387 1963 476 2050 αὐτῷ
500 1968 605 2039 αίτιος
627 1972 688 2027 τοῦ
712 1958 813 2040 αὖθις
836 1958 934 2029 εἶναι·
957 1966 1002 2041 ὡς
1022 1967 1085 2050 γὰρ

72 2073 142 2155 ἔχει
164 2072 201 2133 τὸ
225 2073 435 2154 γιγνόμενον,
460 2069 565 2146 οὑτως
583 2067 638 2133 καὶ
657 2070 693 2133 τὸ
713 2078 835 2135 ποιοῦν
854 2072 942 2153 ἔχειν
959 2070 1083 2154 ἀνάγκη

70 2175 129 2242 καὶ
153 2179 305 2260 ἔμπαλιν,
328 2177 373 2254 ὡς
391 2177 428 2241 τὸ
447 2184 580 2260 ποιοῦν,
603 2173 714 2240 καὶτὸ
734 2179 944 2260 γιγνόμενον,
967 2177 1012 2254 ὡς
1030 2175 1084 2241 καί
1099 2202 1125 2241 15

71 2282 174 2359 αὑτὸς
195 2283 355 2360 πολλάκις
379 2282 415 2348 ἐν
433 2293 503 2359 τοῖς
522 2285 713 2367 ἔμπροσθεν
731 2283 749 2348 6
771 2285 923 2369 Πρόκλος
942 2288 1084 2368 εἴρηκεν·

70 2391 103 2454 εί
128 2390 205 2473 γάρ,
233 2389 320 2454 καθὸ
344 2391 433 2453 ἔσται
458 2385 537 2453 τιοτὸ
564 2389 582 2454 6
611 2392 748 2472 κόσμος,
775 2398 840 2454 νῦν
868 2389 971 2454 αὐτοῦ
995 2388 1085 2474 ἐνερ-

70 2499 148 2580 γείᾳ
175 2494 193 2560 6
221 2498 301 2571 θεός
328 2493 418 2560 ἐστιν
445 2500 564 2577 αίτιος,
595 2495 676 2558 ὅταν
704 2491 741 2559 δὲ
768 2496 805 2559 τὸ
834 2498 942 2560 αίτιόν
968 2518 1003 2558 τε
1030 2493 1085 2559 καὶ

69 2610 197 2667 ποιοῦν
220 2600 369 2686 ἐνεργείᾳ
391 2594 422 2685 ᾖ,
445 2599 500 2665 καί
523 2601 560 2665 τὸ
585 2602 733 2666 αἰτιατόν
755 2624 790 2665 τε
812 2598 867 2665 καὶ
886 2604 1086 2684 γιγνόμενον

72 2707 225 2793 ἐνεργείᾳ
243 2710 344 2791 ἐσται,
363 2708 407 2783 όις
425 2705 545 2792 ἀρτίως
564 2705 719 2790 λέγοντος
736 2717 796 2773 τοῦ
812 2708 969 2792 Πρόκλου
986 2709 1085 2792 ηκοό-
1099 2734 1126 2772 εο

70 2835 188 2899 σαμεν,
212 2813 249 2880 ἐν
273 2806 325 2891 αἷς
347 2814 411 2899 πρὸ
436 2812 552 2896 ὀλίγου
571 2811 699 2889 λέξεσιν
719 2814 823 2878 αὐτοῦ
841 2816 1086 2898 παρεθήκαμεν,

70 2920 130 2986 καὶ
156 2923 177 3005 ἡ
208 2920 346 3005 ἐσομένη
375 2921 439 3005 ἀρα
462 2916 542 2984 ποτὲ
569 2929 630 2984 τοῦ
657 2922 783 3002 κόσμου
810 2919 991 2997 ὑπόστασις
1021 2929 1086 2986 νῦν

71 3028 224 3112 ἐνεργείᾳ
239 3029 341 3091 ἔσται·
365 3026 448 3091 ὥστε
466 3023 521 3089 καὶ
541 3025 559 3090 6
575 3025 729 3110 ἐσόμενος
746 3028 876 3111 χρόνος,
895 3023 931 3090 ἐν
949 3019 976 3113 ᾳὺ
996 3029 1084 3092 ἐσται

69 3129 153 3198 κοτὲ
185 3133 206 3216 ἡ
238 3132 376 3216 ἐσομένη
409 3141 470 3198 τοῦ
501 3136 628 3216 κόσμου
659 3130 809 3217 ὑπαρξις,
841 3141 906 3197 νῦν
937 3131 1086 3218 ἐνεργείᾳ

70 3244 179 3306 ἐσται·
211 3239 248 3303 τὸ
280 3240 344 3324 ἀρα
372 3237 493 3322 μέλλον
521 3237 694 3321 ἐνέστηκεν
720 3240 782 3323 ἤδη
811 3236 880 3302 κατ’
906 3237 1085 3324 ἐνέργειαν,
1099 3263 1125 3303 οε

70 3347 156 3432 ὅπερ
187 3347 321 3429 γελοῖόν
350 3368 386 3409 τε
414 3343 469 3409 καὶ
500 3344 675 3410 ἀδύνατον.
722 3345 783 3411 οὐκ
815 3346 878 3430 ἀρα
910 3343 1085 3428 ἐνδέχεται,

69 3453 161 3519 καθὸ
185 3455 275 3517 ἔσται
298 3448 378 3517 ποτὲ
401 3451 419 3516 6
443 3453 576 3536 κόσμος,
599 3460 664 3517 νῦν
687 3451 790 3516 αὐτοῦ
814 3452 873 3515 τὸν
893 3452 977 3515 θεὸν
996 3449 1085 3535 ἐνερ-

71 3562 147 3645 γείᾳ
171 3553 257 3624 εἶναι
280 3560 495 3643 δημιουργόν.
542 3559 667 3623 οὐκοῦν
690 3559 730 3640 εί,
754 3558 840 3621 καθὸ
860 3559 950 3622 ἐσται
968 3551 1048 3620 κοτέ
1067 3554 1085 3620 6

147 3685 190 3734 20.
209 3677 321 3746 ἀρτίοιςε
341 3679 374 3735 cf.
409 3696 453 3749 ag.
470 3683 512 3746 94,
527 3684 611 3748 23sq.
666 3685 707 3732 22.
727 3695 849 3746 κουσμου
864 3678 893 3731 Μ
948 3683 989 3731 23.
1010 3694 1083 3732 εσται

70 3754 150 3822 (post
167 3748 302 3821 ἐνεργείᾳ)
321 3750 362 3816 Μ;
382 3698 444 3804 ἐὸῑὸ,
465 3747 539 3804 ἐστίν
628 3755 669 3803 25.
690 3767 765 3804 εσται
784 3749 826 3817 Μς
846 3749 910 3803 fort.
929 3746 1004 3805 ἐστίν

73 3829 118 3878 26.
138 3819 258 3894 γελοῖόν]
277 3807 390 3890 ’λεγοῑόν
407 3821 449 3886 Μ,·
472 3818 562 3891 λέγειν
583 3817 645 3878 οἷόν
665 3824 699 3895 pt
790 3828 836 3882 θλ.
855 3828 902 3881 28.
922 3822 1109 3897 mmmm,

72 3910 109 3947 ex
127 3913 150 3956 ν,
168 3892 203 3942 Μ
265 3896 306 3942 28.
327 3893 525 3962 ἤημιονρίγνν
543 3894 576 3949 Μ

108 3983 216 4021 mma
227 3984 384 4026 Pmomm
398 3988 433 4028 od,
448 3991 536 4036 Baba.
936 4002 950 4052 ’λ
