2394 4208
63 552 104 605 1x
120 554 164 625 ω]
338 552 387 607 ου
404 552 661 608 mmmm
679 552 800 608 υνωω
1008 552 1072 620 367

133 712 194 798 γι’.
227 719 377 782 Τοσαῦτα
403 712 465 801 μὲν
492 710 556 782 οὖν
583 718 625 781 ὄν
651 741 702 793 τις
730 719 990 804 συνηγορησειεν
1016 719 1074 794 τὰς

63 821 218 907 ἀφορμὰς
250 833 317 888 τῶν
348 825 458 906 λόγων
487 819 575 910 πάρ’
604 822 715 888 αὐτῶν
741 821 918 907 δεξάμενος
945 824 993 900 είς
1011 840 1124 883 ιοιιαν4

63 930 102 994 τὸ
131 927 250 1013 δείξαι,
278 930 323 1006 ὡς
350 930 431 994 ἄνευ
459 927 619 1012 γενέσεως
646 927 701 994 καλ
729 937 863 1015 φθορᾶς
889 929 910 1013 ἣ
938 928 1025 995 εἰσίν
1051 929 1072 1013 ἢ

64 1037 127 1101 οόιι
160 1038 246 1101 εἰσιν
277 1037 317 1100 τά
346 1039 449 1102 ίνυλα
480 1037 561 1120 είόη.
606 1036 700 1121 ἡμεῖς
729 1032 766 1100 δὲ
796 1047 929 1121 πρῶτον
954 1033 1017 1121 μὲν
1044 1038 1073 1103 ελ
1113 1049 1115 1053 ’

64 1140 121 1207 καὶ
143 1152 264 1207 τοῦτον
286 1143 331 1219 ὡς
354 1141 463 1226 ἀληῦῆ
481 1142 664 1225 τὸνλόγον
681 1139 953 1228 παραδεξάμεθα,
971 1139 1074 1208 οὐδὲν
1099 1170 1113 1212 ι

64 1252 192 1333 μᾶλλον
215 1247 251 1313 ἐκ
273 1249 402 1314 τούτων
419 1248 588 1314 δεικνύειν
606 1251 673 1333 ἔχει
690 1271 753 1331 τις,
772 1249 817 1324 ὡς
834 1246 855 1330 ἢ
874 1248 916 1313 οὐ
934 1248 1073 1332 γέγονεν

63 1356 188 1439 κόσμος
205 1357 241 1438 ἥ,
261 1360 351 1441 είπερ
374 1354 523 1439 γέγονεν,
546 1353 579 1432 ἐξ
603 1357 700 1432 ὄντος
722 1354 875 1438 γέγονεν·
897 1358 986 1440 παρὰ
1009 1356 1072 1442 γάρ

63 1462 126 1544 τὴν
153 1460 346 1545 ὁμωνυμίαν
372 1470 433 1526 τοῦ
461 1465 638 1544 γίγνεσθαι
665 1461 726 1545 τὴν
749 1460 905 1547 ἀφορμὴν
928 1461 945 1527 ὁ
969 1484 1072 1547 παρα-

64 1568 223 1651 λογισμὸς
246 1572 395 1652 είληφεν·
425 1566 558 1651 γένεσιν
581 1569 644 1653 γὰρ
667 1567 762 1651 ἡμεῖς
785 1566 838 1632 ἐπὶ
860 1577 922 1633 τοῦ
944 1569 1071 1652 κόσμου

62 1677 171 1757 μόνην
193 1675 296 1758 ῦιλην
318 1676 379 1759 την
402 1673 438 1739 ἐκ
459 1683 521 1739 τοῦ
544 1674 588 1758 μη
612 1676 709 1752 ὄντος
737 1676 784 1751 είς
811 1675 848 1739 τὸ
876 1669 963 1739 εἶναι
989 1696 1071 1759 παρ·
1085 1702 1113 1741 ιο

64 1782 198 1864 αγωγὴν
223 1780 436 1866 ὀνομάζομεν,
455 1782 564 1866 ὥσπερ
588 1779 644 1846 καί
663 1781 805 1847 Πλάτων
828 1780 866 1846 ἐν
888 1772 938 1857 οἷς
968 1798 1072 1865 φησιν

64 1885 219 1972 <πότερον
241 1882 285 1970 ἡν
307 1886 358 1952 ἀεὶ
381 1886 541 1970 γενέσεως
559 1886 664 1973 ἀρχὴν
687 1890 772 1973 ἔχων
793 1887 954 1972 οὐδεμίαν
974 1885 995 1970 ἢ
1020 1884 1072 1969 γέ-

63 2015 165 2076 γονεν
192 1991 246 2057 ἀπ’
274 1993 376 2079 ἀρχῆς
401 2017 494 2070 τινος
521 1991 725 2078 ἀρξάμενος,
756 1993 812 2059 καὶ
842 1992 917 2078 οὐχί
946 1994 1008 2076 τὴν
1035 1991 1072 2057 ἐν

61 2100 243 2185 παρατάσει
266 2102 389 2184 χρόνου
413 2097 519 2165 ολονελ
542 2100 720 2165 διάπλασιν
742 2101 846 2166 αὐτοῦ
868 2098 923 2165 καί
951 2098 1070 2164 οὐσίω-

63 2223 132 2271 σιν·
170 2208 252 2270 κατὰ
279 2207 341 2292 γὰρ
370 2215 468 2272 τοῦτο
496 2215 555 2290 της
581 2205 740 2290 γενέσεως
766 2208 804 2272 τὸ
828 2208 1072 2291 σημαινόμενον
1084 2232 1112 2274 τε

62 2313 107 2396 μὴ
136 2311 308 2396 γεγονέναι
335 2313 395 2377 τὸν
421 2315 547 2397 κόσμον
569 2311 812 2398 ὁμολογοῦμεν·
844 2315 984 2398 άχρονος
1007 2315 1070 2399 γὰρ

62 2419 83 2503 η
107 2428 168 2483 τοῦ
190 2426 275 2485 θεοῦ
299 2420 501 2504 δημιουργία
523 2417 578 2483 καὶ
597 2419 690 2504 ἀρκεῖ
708 2420 745 2484 τὸ
763 2419 947 2501 βούλεσθαι
965 2422 1071 2503 μόνον

62 2527 111 2602 είς
134 2527 195 2610 την
217 2525 377 2591 οὐσίωσιν
400 2523 548 2607 ἑκάστου.
593 2527 637 2609 μη
661 2520 725 2590 οὖν
746 2527 836 2611 παρὰ
857 2527 919 2609 τὴν
941 2525 1070 2609 ὁμωνυ-

62 2636 143 2717 μίαν
174 2632 254 2716 ἡμῖν
285 2630 517 2718 παρεχέτωσαν
547 2633 730 2717 πράγματα.
784 2630 854 2696 ἀλλ’
888 2638 978 2717 είπερ
1015 2631 1070 2698 καλ

63 2737 159 2804 αὐτοὶ
187 2747 421 2824 συγχωροῦσιν
447 2733 537 2803 εἶναί
561 2761 651 2822 τινα,
679 2739 762 2825 ἅπερ
791 2739 882 2803 ἀίδια
905 2738 967 2803 οὐκ
989 2741 1110 2807 ὄντατο

62 2845 211 2930 άχρόνως
234 2846 281 2922 είς
303 2846 340 2909 τὸ
365 2840 451 2910 εἶναι
472 2846 653 2930 παράγεται
675 2846 784 2931 ὥσπερ
803 2847 844 2910 τὰ
861 2845 932 2928 είδη
951 2846 1069 2930 πάντα,

61 2950 117 3017 καί
141 2951 202 3016 οὐκ
225 2948 258 3028 ἐξ
286 2951 436 3035 ὄντωνὴ
459 2952 587 3015 τούτων
613 2947 754 3036 ὄπαρξις
780 2954 921 3035 γίνεται,
949 2956 984 3016 τί
1006 2975 1069 3018 κω-

61 3060 136 3123 λύει
162 3056 217 3122 καί
245 3058 282 3122 τὸ
310 3067 377 3122 πᾶν
404 3056 511 3134 οὕτως
537 3057 585 3134 είς
612 3057 649 3121 τὸ
677 3051 764 3121 εἶναι
790 3062 960 3142 παρῆχθαι
989 3056 1069 3142 πρίν

61 3161 125 3248 μὲν
148 3162 304 3253 γενέσθαι
328 3163 390 3228 οὐκ
412 3164 463 3245 ὄν,
487 3162 522 3228 ἐκ
549 3163 692 3247 μηδενὸς
720 3161 757 3228 δὲ
783 3162 1068 3249 προϋποκειμένου

62 3272 110 3347 εἰς
133 3272 169 3335 τὸ
193 3267 278 3336 εἶναι
301 3267 528 3355 παρηγμένους
558 3269 620 3335 οῦκ
643 3271 716 3356 ἄρα,
739 3271 769 3336 ελ
790 3271 873 3335 κατὰ
895 3279 994 3335 τοῦτο
1018 3269 1068 3336 λε’-
1081 3298 1108 3340 τε

61 3400 154 3461 γοιτο
182 3375 356 3460 γεγονέναι
385 3375 404 3441 ὁ
431 3378 569 3460 κόσμος,
597 3374 630 3453 ἐξ
654 3378 751 3453 ὄντος
773 3376 876 3441 αὐτὸν
894 3375 1068 3461 γεγονέναι

61 3483 203 3567 ἀνάγκη,
226 3484 426 3548 τούναντίον
449 3479 485 3548 δὲ
508 3487 635 3566 μᾶλλον
658 3481 694 3547 ἐκ
716 3485 760 3567 μη
784 3485 895 3566 ὄντος,
918 3489 1009 3569 είπερ
1028 3486 1068 3549 τά

60 3590 210 3675 άχρόνως
236 3590 446 3674 ὑφιστάμενα
472 3591 579 3654 πάντα
607 3589 642 3654 εἰι
664 3591 708 3673 μὴ
732 3591 829 3667 ὄντος
851 3591 900 3667 είς
921 3591 959 3654 τὸ
982 3585 1067 3654 εἶναι

133 3858 156 3907 7.
176 3852 192 3907 ὁ
211 3850 313 3921 κόσμοι·
326 3855 362 3923 με
438 3858 479 3908 11.
499 3851 573 3910 Plat.
591 3851 665 3909 Tim.
684 3854 750 3912 ‘28ss
831 3851 1093 3948 QXwasz-

54 3941 107 3989 σιν,
126 3938 201 3989 exo,
220 3923 255 3975 M
332 3929 373 3978 2⁷.
392 3928 538 4001 μαλλλολν,
559 3944 594 3986 ex
614 3928 700 4001 oe,M
