2394 4208
74 540 163 593 xvm
178 547 202 593 4.
218 540 246 610 ε]
280 574 288 591 .
347 539 395 593 ου
414 537 672 592 mmmmm
690 536 813 592 mm
1023 538 1088 602 625

74 726 205 786 τροφον
228 703 375 784 φύσεως,
404 701 455 766 ὅτι
478 705 602 785 πολλῆς
624 698 668 784 ἦν
690 700 827 786 μετέχον
850 699 985 779 ἀταξίας
1007 700 1089 786 πρὶν

75 810 124 884 είς
151 809 211 871 τὸν
240 817 304 872 νῦν
332 810 460 892 κόσμον
490 807 685 891 ἀφικέσθαι·
725 811 814 894 παρὰ
842 805 904 892 μὲν
934 810 997 894 γὰρ
1027 817 1087 872 τοῦ

75 913 263 990 συνθέντος
286 915 393 978 πάντα
414 915 498 978 καλά
520 913 687 998 κέκτηται,
717 915 805 1000 παρά
828 911 945 999 δλςτῆς
968 918 1088 1000 ἔμπρο-

76 1027 162 1085 σθεν
181 1018 294 1104 ἕξεως,
317 1021 379 1085 ὅσα
397 1022 521 1105 χαλεπὰ
538 1019 594 1085 καλ
613 1022 711 1084 ἀδικα
733 1020 770 1085 ἐν
793 1020 926 1108 οὐρανῷ
950 1025 1087 1105 γίνεται,

76 1137 180 1191 ταῦτα
204 1125 235 1203 ἐξ
260 1125 387 1210 ἐκείνης
410 1127 509 1203 αὐτός
531 1150 566 1191 τε
585 1130 651 1211 ἔχει
670 1125 725 1191 καλ
744 1136 814 1203 τοῖς
833 1125 928 1213 ζῴοις
947 1125 1007 1215 ἐλν-
1026 1144 1140 1185 romsov.

76 1233 311 1318 απεργάζεται’.
353 1245 468 1317 σαφῶς
488 1234 551 1319 ἀρα
566 1235 747 1310 Πλάτωνος
764 1234 953 1316 ἠκούσαμεν
972 1232 1086 1317 λέγον·
1114 1262 1127 1301 ε

74 1365 150 1423 τος,
179 1341 229 1404 ότι
258 1341 319 1423 τὴν
346 1337 408 1424 μὲν
435 1339 529 1418 τάξιν
551 1339 606 1406 καὶ
629 1341 717 1405 ἀπαν
739 1340 844 1404 καλὸν
867 1339 903 1404 ἐκ
925 1348 985 1403 τοῦ
1009 1358 1088 1405 συν·

75 1446 198 1524 θέντος
235 1447 338 1511 αὐτὸν
369 1446 387 1511 6
420 1449 542 1531 κόσμος
579 1446 751 1530 ἐκτήσατο,
789 1445 824 1510 ἐκ
861 1442 897 1511 δὲ
933 1455 991 1529 τῆς
1027 1455 1087 1510 τοῦ

77 1555 323 1636 σωματοειδοῦς
351 1554 562 1638 συγκράσεως
588 1551 644 1618 καλ
671 1564 729 1637 τῆς
752 1550 848 1629 ἕξεως
870 1561 928 1635 τῆς
950 1556 1088 1637 συντρό-

77 1684 146 1743 φου
180 1662 327 1744 φύσεως,
365 1660 427 1724 ὅσα
458 1650 597 1744 χαλεπά,
635 1659 734 1736 αὐτός
766 1682 801 1723 τε
833 1662 898 1743 ἔχει
931 1657 986 1722 καὶ
1018 1669 1088 1735 τοῖς
1102 1686 1128 1726 ιο

77 1765 173 1853 ζῴοις
212 1767 471 1852 ἐναπεργάζεται.
525 1767 610 1832 ὥστε
642 1767 683 1831 οῦ
716 1764 759 1831 δι’
799 1765 880 1830 αὐτὸ
913 1769 1019 1842 ψιλῶς
1050 1766 1087 1829 τὸ

77 1873 208 1938 ἀπεῖναι
233 1873 309 1938 καθ’
328 1874 494 1939 ὑπόθεσιν
516 1883 576 1938 τοῦ
598 1876 727 1957 κόσμου
750 1873 810 1937 τὸν
832 1872 917 1936 θεὸν
934 1873 995 1954 την
1013 1870 1088 1935 ἀτα-

77 1978 152 2056 ξίαν
177 1980 266 2067 αὐτῷ
290 2000 395 2064 φησιν
418 1980 435 2045 6
456 1981 600 2045 Πλάτων
622 1979 831 2063 ἐγγίνεσθαι,
850 1979 894 2055 ὡς
916 1988 1088 2061 ποιητικῆς

77 2088 184 2162 αἰτίας
203 2087 305 2169 οὔσης
322 2097 380 2171 τῆς
398 2095 458 2150 τοῦ
478 2092 563 2151 θεοῦ
582 2085 743 2162 ἀπουσίας
766 2095 824 2169 τῆς
847 2084 885 2149 ἐν
907 2093 953 2174 τῷ
975 2087 1087 2171 κόσμῳ

76 2190 225 2275 ἀταξίας,
258 2193 308 2258 ὅτι
342 2193 359 2257 6
392 2190 453 2277 μὲν
483 2194 564 2270 θεὸς
595 2192 689 2257 ἀπὼν
719 2200 882 2257 τοσοῦτον
910 2193 1017 2275 μόνον
1047 2191 1087 2255 οὐ
1103 2217 1129 2258 ιι

77 2299 299 2381 μεταδίδωσιν
321 2308 367 2386 τῷ
391 2302 503 2387 κόσμςο
527 2309 584 2384 τῆς
606 2297 682 2384 παρ’
706 2299 809 2363 αὐτοῦ
833 2297 966 2381 τάξεως,
989 2299 1026 2362 τὸ
1050 2294 1088 2363 δὲ

78 2403 297 2488 σωματοειδὲς
316 2407 435 2471 λοιπὸν
453 2417 511 2490 τῆς
529 2415 590 2470 τοῦ
608 2407 736 2488 κόσμου
755 2380 901 2489 ἀρόσεως
919 2415 987 2469 τῶν
1008 2422 1088 2468 συν-

77 2514 215 2596 τρόφων
237 2512 291 2577 κοιλ
315 2515 375 2596 τὴν
399 2512 433 2577 ἐκ
458 2514 591 2596 φύσεως
614 2512 703 2599 αὐτῷ
731 2520 925 2596 προσοῦσαν
952 2509 1087 2586 ἀταξίαν

77 2619 317 2703 ἐπιδείκνυται,
354 2620 398 2696 ὡς
429 2617 484 2683 καὶ
516 2627 576 2682 τοῦ
610 2620 816 2703 κυβερνήτου
855 2616 996 2693 ἀπόντος
1027 2617 1088 2699 τὴν

78 2726 255 2809 σύμφυτον
277 2727 422 2810 ταραχὴν
444 2723 520 2809 περλ
544 2725 605 2808 τὴν
627 2733 714 2788 ναῦν
731 2725 771 2788 τά
789 2746 824 2787 τε
842 2724 1012 2808 πνεύματα
1032 2722 1087 2788 καὶ
1102 2749 1128 2788 ιο

77 2831 96 2895 6
121 2832 254 2895 κλύδων
278 2830 493 2895 ἐνδείκνυται.

145 2936 183 3001 ε’.
208 2936 354 3000 Ἕλαθεν
382 2934 418 3001 δὲ
446 2934 567 3001 ἑαυτὸν
594 2935 611 3000 6
640 2938 827 3020 φιλόσοφος
859 2936 899 3001 οὐ
930 2937 1086 3002 Πλάτωνι

77 3046 168 3129 μόνῳ
201 3043 284 3106 ἀλλὰ
312 3040 367 3105 καλ
396 3052 467 3118 ταῖς
498 3042 599 3118 ἰδίαις
627 3042 730 3106 αὑτοῦ
759 3041 987 3124 ἀποφάνσεσιν
1016 3053 1087 3119 ταῖς

77 3151 223 3232 ἀλλαχοῦ
247 3152 354 3224 καλῶς
377 3147 564 3232 εἰρημέναις
587 3150 779 3232 μαχόμενος.
825 3146 919 3225 ἀξιον
942 3146 971 3211 δ’
995 3143 1085 3233 οἶμαι

77 3254 132 3319 καὶ
164 3255 246 3317 αὐτὰ
276 3262 335 3317 τοῦ
367 3257 525 3339 Πρόκλου
556 3254 831 3339 ἀντιπαραθεῖναι
862 3254 1017 3338 ἀλλήλοις
1047 3257 1086 3320 τά
1100 3280 1126 3320 ιε

77 3363 219 3445 ῥήματα,
248 3362 304 3424 ἵνα
329 3366 484 3446 λαμπρῶς
506 3363 568 3444 τὴν
589 3362 697 3446 μάχην
720 3361 831 3425 αὐτῶν
853 3359 908 3425 καὶ
932 3360 1086 3426 ἐναντίω·

149 3597 173 3643 3.
193 3589 286 3643 πάντα
304 3589 339 3643 τὰ
357 3589 429 3643 Plat.
535 3594 557 3644 7.
578 3587 628 3657 μὲν
646 3589 690 3660 pt]
709 3607 741 3657 με
760 3588 789 3642 Μ
902 3596 926 3643 9.
945 3592 1085 3662 σωματολσ

76 3696 262 3767 ειηειδουςΜ
309 3701 399 3750 1344.
410 3664 541 3764 ποιητικίη
559 3681 656 3757 αιτιαέ
674 3695 704 3748 Μ
778 3700 819 3748 14.
840 3694 924 3764 οάσης
941 3694 1032 3767 Kroll]
1051 3716 1084 3750 ov

76 3767 105 3819 Μ
167 3769 240 3836 ζητει
259 3767 296 3820 οδ
314 3783 423 3820 versum
440 3773 586 3821 τοῦ-Ιῦ.
608 3765 622 3821 ὁ
641 3766 670 3819 Μ
725 3772 819 3820 14.16.
839 3768 922 3837 κολσμ
942 3783 976 3820 ex
994 3768 1082 3836 μωὶωι

75 3838 171 3907 ἀταξλι
191 3855 224 3890 ex
244 3839 310 3908 αλας
328 3838 357 3890 Μ
412 3844 452 3891 15.
473 3857 516 3892 οτι
534 3837 576 3906 Μς
599 3841 745 3908 exspem
763 3835 820 3892 ἀλλ’
880 3843 933 3888 Ἃ.
948 3837 1109 3900 κὶυδχωᾪι

72 3923 110 3958 ex
128 3928 168 3974 ον,
187 3910 220 3960 Μ
290 3914 331 3962 25,
352 3911 625 3985 αντιπαραθξειλναι
642 3911 675 3966 Μ

116 4003 224 4045 Ioum
239 4007 400 4051 Pmorom
415 4009 451 4052 od.
467 4011 561 4056 Baba.
937 3991 977 4039 m
