2348 4290
52 545 146 600 μοι.
162 547 190 617 ι]
297 516 346 600 οε
365 543 621 600 mamm
639 544 760 601 κποοι
939 550 946 561 ·
973 544 1035 612 601

52 713 149 773 ’λυτοι
172 710 209 772 τὸ
232 710 381 792 πάμπαν·
404 695 477 774 οὔτι
500 704 561 792 μὲν
584 708 625 792 δὴ
648 711 842 793 λυθῆσεσθε
865 705 944 775 οὐδὲ
967 711 1040 775 τεύ-

52 824 130 880 εσθε
159 817 309 880 θανάτου
337 819 555 901 μοίρας,.τῆς
578 813 657 899 ἐμῆς
677 817 868 900 βουλήσεως
890 819 1040 901 μείζονος

52 946 80 985 τι
108 920 162 986 καὶ
190 920 394 1008 κυριωτέρου
417 922 542 1006 δεσμοῦ
565 924 720 1007 λαχόντες
743 921 889 1007 ἐκείνων,
912 914 963 1001 οἷς
986 924 1040 988 ὅτε

51 1033 185 1111 γίνεσθε
217 1029 434 1094 συνεδεῖσθε’.
479 1027 579 1093 ταύτὸ
608 1024 645 1093 δέ
673 1037 771 1093 τοῦτο
794 1027 857 1094 κάν
879 1037 925 1116 τῷ
948 1034 1040 1094 πολι-

54 1143 113 1221 ικῷ
137 1133 212 1220 περὶ
234 1143 294 1198 τοῦ
313 1134 435 1210 παντὸς
454 1133 600 1219 οὐρανοῦ
620 1131 825 1220 διεξέρχεται.
863 1133 1041 1200 ἐπινοεῖται
1067 1160 1083 1200 ι

51 1242 98 1325 Ιἄρ
122 1266 168 1324 τι,
191 1239 254 1305 κᾶν
277 1242 306 1304 εἰ
329 1239 477 1324 γέγονεν,
501 1240 588 1324 ὅμως
611 1241 652 1305 οὐ
671 1243 944 1325 φθαρησόμενον·
967 1232 1042 1306 οἷον

51 1373 54 1423 γ
88 1358 154 1411 τῶν
182 1347 454 1430 Λακεδαιμονίων
486 1349 582 1423 πόλις
611 1348 640 1411 εί
669 1348 776 1431 τύχοι·
812 1345 949 1433 ἐγχωρεῖ
978 1350 1041 1433 γάρ

51 1454 140 1537 εὐτῆν
171 1461 343 1538 φθαρῆναι
376 1451 554 1537 μηδέποτε,
589 1456 697 1518 καίτοι
733 1464 800 1518 τῶν
831 1454 913 1518 κατά
943 1453 1042 1541 μέρος

51 1561 151 1624 ίκιῶν
179 1559 314 1625 ἁπασῶν
341 1563 546 1645 φθείρεσθαι
573 1560 678 1644 φύσιν
706 1559 863 1644 ἐχουσῶν,
891 1559 974 1624 ἀλλὰ
996 1568 1042 1646 τῷ

50 1668 203 1731 ῐύνασθαι
230 1667 313 1730 κατὰ
339 1668 446 1752 βραχὺ
475 1669 630 1749 γίνεσθαι
652 1667 714 1750 τῆν
737 1665 969 1752 ἐπανόρθωσιν
992 1665 1043 1730 ε’ν-
1057 1692 1084 1732 ιο

50 1772 163 1856 δέχεται
186 1773 230 1856 μὴ
254 1779 427 1857 φθαρῆναι
449 1772 486 1836 τὸ
511 1773 651 1857 σύμπαν.
692 1772 733 1837 οά
756 1774 862 1856 μόνον
885 1769 922 1859 δέ
944 1775 1044 1838 πόλιν

50 1878 143 1955 ιότως
178 1878 323 1943 δυνατὸν
359 1879 537 1964 ἄφθαρτον
574 1877 720 1944 ἐπινοεῖν
755 1877 838 1943 ἀλλὰ
872 1877 928 1944 καὶ
964 1882 1044 1963 μίαν

50 1985 161 2067 ιίκίαν,
190 1986 218 2048 εί
246 1985 282 2048 τὸ
313 1993 463 2068 πονῆσαν
486 1984 587 2068 αὐτῆς
609 1984 869 2071 ἐπανορθώσεως
893 1983 1044 2051 ἑκάστοτε

50 2092 204 2174 τυγχάνοι.
250 2093 331 2155 κατά
354 2092 457 2174 λόγον
480 2085 553 2174 οὖν,
577 2092 606 2156 εί
628 2087 689 2175 μὲν
712 2091 872 2176 ἀγένητόν
894 2115 941 2175 τι,
963 2092 1044 2156 πάν-

50 2221 100 2274 τως
128 2196 183 2262 καὶ
211 2199 398 2284 ἄφθαρτον,
426 2198 456 2262 ελ
483 2194 520 2262 δὲ
544 2198 731 2284 ἄφθαρτον,
758 2198 820 2262 οὐκ
844 2196 876 2276 ἐξ
901 2197 1045 2282 ἀνάγκης
1059 2223 1086 2264 ιε

50 2303 219 2386 ἰγένητον’.
267 2315 381 2387 σαφῶς
413 2305 477 2390 ἄρα
508 2302 563 2368 καὶ
595 2299 693 2382 οὗτος
725 2304 743 2371 ό
776 2303 860 2391 ἀνὴρ
892 2305 969 2371 οὔτε
999 2314 1045 2392 τῷ

49 2410 194 2474 ἰπωσοῦν
222 2410 384 2497 ἀφθάρτῳ
414 2411 451 2475 τὸ
482 2407 643 2494 ἀγένητον
672 2406 764 2476 εἶπεν
793 2409 933 2477 ἕπεσθαι
963 2411 1046 2477 ἀλλὰ

49 2525 85 2603 τῷ
112 2513 195 2601 μηδὲ
222 2517 282 2581 τὸν
309 2519 412 2600 λόγον
434 2526 491 2601 τῆς
515 2522 649 2604 φθοράς
672 2520 781 2602 ἔχοντι
803 2515 858 2582 καὶ
883 2518 1046 2583 Πλάτωνα

49 2623 125 2686 οὕτω
149 2625 210 2706 τῆν
233 2622 428 2710 ἀφθαρσίαν
451 2623 582 2688 διδόναι
605 2623 817 2707 ὡμολόγηκεν
839 2632 885 2712 τῷ
904 2624 1045 2712 οὐρανῷ.

49 2729 123 2793 ἀλλὰ
145 2728 220 2815 περὶ
243 2726 305 2813 μὲν
328 2730 456 2794 τούτων
479 2731 552 2806 ἄλις
573 2728 754 2794 κάνταῦθα.
1060 2756 1088 2795 ω

107 2834 147 2908 ς’.
176 2834 233 2900 Ἐν
266 2832 303 2900 δὲ
335 2846 405 2912 τοῖς
438 2833 510 2919 ἑξῆς
541 2835 654 2918 λαβὼν
683 2836 785 2900 πάλιν
813 2835 831 2902 ό
859 2840 1047 2922 φιλόσοφος

49 2943 128 3027 ταρά
152 2943 333 3019 Πλάτωνος
359 2942 396 3006 τὸ
425 2941 460 3006 ἐκ
487 2950 547 3006 τοῦ
575 2941 716 3014 ἀτάκτου
740 2942 913 3026 γεγονέναι
936 2944 973 3008 τὸ
996 2967 1047 3008 τε-

48 3046 204 3131 ταγμένον
232 3048 331 3124 αὐτὸς
356 3051 589 3134 προστίθησιν,
617 3047 667 3112 ὅτι
696 3046 751 3113 καὶ
775 3033 936 3133 ἀγένητόν
958 3049 1048 3115 ἐστιν

48 3156 77 3218 τὸ
102 3156 252 3236 ἄτακτον,
278 3155 457 3231 Πλάτωνος
481 3149 560 3219 οὐδὲ
584 3153 634 3218 ὅτι
659 3156 798 3238 γενητὸν
817 3155 881 3219 οὐδ
904 3155 955 3221 ὅτι
973 3153 1046 3238 ἀγέ-

48 3284 143 3344 νητον
167 3263 325 3338 εἰπόντος.
371 3256 441 3325 εἶτα
464 3263 704 3345 συλλογίζεται,
728 3261 778 3326 ὅτι
801 3259 856 3326 καὶ
879 3264 1047 3347 φθαρτόν·
1062 3287 1088 3328 ιι

48 3370 71 3432 εἰ
95 3370 157 3454 γάρ
182 3367 217 3432 ἐκ
239 3376 299 3432 τοῦ
324 3366 464 3432 ἀτάκτου
487 3367 525 3431 τδ
548 3366 747 3451 τεταγμένον
765 3367 913 3451 γέγονεν,
932 3376 992 3433 τοῦ
1011 3365 1048 3432 δὲ

48 3473 241 3558 τεταγμένου
265 3475 361 3549 ὄντος
385 3472 446 3537 οὐκ
465 3470 566 3558 ἔῆστιν
583 3473 620 3537 τὸ
640 3475 791 3558 ἄτακτον,
810 3475 966 3560 φθαρτὸν
989 3489 1028 3532 101.
1039 3492 1102 3532 νυτ-

48 3582 105 3665 ἄρα
124 3583 214 3645 ἔσται
232 3581 269 3644 τὸ
290 3580 437 3645 ἄτακτον.
475 3580 557 3645 ὥστε
576 3577 737 3663 ἀγένητόν
755 3579 845 3645 ἐστιν
863 3578 918 3644 καὶ
936 3587 1047 3665 φθαρ-

115 3849 137 3896 1.
156 3840 314 3909 λυθῆοεσθέ
332 3861 362 3912 γε
381 3841 452 3895 ΡΙοῖ.
508 3848 531 3895 3.
552 3843 653 3911 δεσμοῦ
672 3846 736 3912 poet
753 3842 792 3897 ἔτι
810 3833 881 3898 Plat.
937 3851 961 3898 4.
973 3850 997 3898 5.
1013 3843 1047 3898 cf.

47 3911 114 3968 Plat.
133 3913 240 3983 politic.
260 3914 349 3969 2691).
370 3913 450 3967 2731«)
524 3919 564 3967 11.
585 3914 643 3985 [οὐ]
662 3913 690 3966 Μ
