2394 4208
52 554 94 609 Χ]
109 555 137 626 1]
323 553 372 608 DE
390 553 647 609 Ατοοιιυιτιττ
666 552 787 610 11va
998 553 1065 619 409

53 717 161 800 αὑτὴν
193 714 286 803 ἑτέρα
318 712 402 783 οὖσα
433 728 490 802 τῆς
522 726 583 783 τοῦ
614 727 736 804 μικροῦ
768 740 803 782 τε
833 715 888 783 καί
916 718 1065 802 μεγάλου

53 826 234 910 διαφορᾶς,
257 823 295 888 έν
316 824 496 890 ὑποστάσει
513 823 626 909 μέντοι
646 825 750 909 αὐτὴν
768 820 854 890 εἶναι
873 825 953 889 ἄνευ
972 825 1064 902 τινὸς

52 941 122 994 τῶν
153 932 327 1016 διαφορῶν
355 932 484 996 τούτων
514 929 689 996 ἀδύνατον.
734 932 841 1019 τούτῳ
871 931 912 1013 δὴ
943 930 1064 996 λοιπὸν

53 1045 101 1123 τῷ
134 1036 239 1124 άποίῳ
273 1038 399 1121 σώματι
430 1037 450 1121 ἡ
483 1040 618 1122 ποιότης
650 1037 862 1121 ἐπιγενομένη
899 1038 961 1121 την
997 1047 1064 1102 τῶν

55 1147 229 1227 στοιχείων
257 1143 469 1230 ἀπεργάζεται
498 1145 615 1228 φύσιν·
647 1152 775 1229 θερμῆς
802 1140 863 1227 μέν
886 1145 948 1229 γάρ
973 1143 1063 1230 αὐτῷ
1090 1168 1106 1210 τ

54 1248 111 1314 καὶ
143 1249 242 1334 ξηρᾶς
274 1249 504 1334 ἐπιγινομένης
539 1253 713 1334 ποιότητος
748 1252 785 1314 τὸ
822 1259 890 1336 πῦρ
927 1253 1064 1334 γίνεται,

54 1363 183 1440 θερμῆς
207 1353 243 1422 δὲ
266 1356 321 1421 καὶ
343 1357 449 1443 ὑγρᾶς
472 1357 489 1423 ὁ
513 1356 591 1443 ἀήρ,
614 1357 719 1442 ὑγρᾶς
742 1353 779 1421 δέ
801 1355 856 1421 καὶ
879 1366 1008 1443 ψυχρᾶς
1026 1357 1063 1421 τὸ

54 1462 164 1548 ὕδωρ,
192 1473 320 1548 ψυχρᾶς
347 1459 384 1528 δὲ
411 1462 466 1528 καὶ
494 1463 593 1550 ξηρᾶς
620 1463 640 1546 ἡ
668 1473 725 1547 γη,
753 1473 811 1546 τῆς
834 1465 988 1547 τοιαύτης
1009 1463 1081 1528 τά·-

55 1566 137 1645 ξεως
169 1568 206 1634 έν
236 1569 397 1635 ὑποθέσει
434 1571 589 1653 δηλονότι
621 1568 806 1652 νοουμένης
838 1571 885 1646 εἰς
916 1573 1065 1654 θεωρίαν

55 1685 114 1759 τῆς
145 1686 212 1740 τῶν
243 1678 445 1762 πραγμάτων
477 1677 521 1752 ὡς
553 1679 689 1761 ἔχουσιν
718 1678 864 1760 φύσεως·
906 1674 1064 1741 οὐδέποτε
1078 1701 1107 1740 ιο

55 1784 120 1867 γὰρ
148 1783 279 1865 γυμνὸν
306 1776 392 1847 εἶναι
419 1783 456 1846 τὸ
484 1782 706 1866 ὑποκείμενον
733 1793 800 1848 τῶν
828 1782 928 1847 εἰδῶν
954 1779 974 1864 ἢ
997 1792 1065 1845 τῶν

54 1892 242 1972 ποιοτήτων
264 1887 425 1953 ὑπονοεῖν
448 1888 602 1971 εῦλογον·
626 1889 692 1972 ἅμα
709 1891 773 1974 γάρ
790 1888 856 1952 ὑπὸ
875 1894 960 1952 θεοῦ
980 1886 1066 1952 είδο-

54 1995 257 2079 πεποιημένη
288 1995 351 2077 ὕλη
378 1996 574 2080 παράγεται,
602 1997 674 2078 ὕτις
695 1993 767 2061 ποτ’
790 1993 833 2060 ἂν
856 2000 919 2077 είη·
952 1995 981 2058 ελ
1001 1994 1065 2079 γὰρ

55 2112 124 2166 τῶν
153 2104 236 2185 πρός
266 2125 297 2166 τι
327 2103 348 2184 ὕ
381 2125 415 2166 τε
446 2102 510 2184 ὕλη
543 2099 598 2166 καὶ
631 2102 668 2165 τὸ
701 2097 791 2178 εἶδος
822 2098 928 2188 (εἰπερ
955 2100 975 2184 ἡ
1004 2096 1066 2183 μέν

56 2206 154 2273 ἕνεκά
177 2231 252 2290 τον,
274 2209 312 2272 τὸ
336 2205 373 2272 δὲ
397 2203 438 2273 οὗ
456 2206 567 2290 ἕνεκα,
585 2208 630 2284 άις
647 2206 702 2272 καὶ
722 2208 739 2274 ὁ
760 2210 914 2295 Πρόκλος
932 2206 969 2272 έν
989 2208 1064 2271 τού-
1079 2230 1106 2274 15

56 2339 127 2390 τοις
156 2312 316 2400 εἴρηκεν),
343 2315 383 2379 τὰ
411 2310 448 2379 δέ
475 2315 559 2400 πρός
587 2338 618 2379 τι
647 2316 836 2398 συνεισάγει
864 2316 988 2397 ἄλληλα
1010 2309 1066 2377 καὶ

55 2432 266 2504 συναναιρεῑ,
304 2420 381 2485 οὕτε
414 2421 477 2505 άρα
508 2422 570 2503 τὴν
600 2421 686 2504 ὕλην
717 2418 816 2506 χωρὶς
848 2421 948 2484 εἰδῶν
980 2413 1066 2482 εἶναι

58 2526 225 2612 ἐνδέχεται
254 2528 331 2591 οὕτε
358 2528 399 2591 τὰ
427 2526 498 2610 είόη
522 2525 622 2612 χωρὶς
644 2527 743 2611 ὕλης·
781 2526 817 2591 §a
841 2527 881 2609 δὴ
905 2537 971 2590 τῶν
994 2543 1066 2590 τεσ-

57 2635 171 2720 σάρων
195 2637 367 2717 στοιχείων
390 2635 575 2698 συνιόντων
597 2634 716 2698 λοιπὸν
738 2630 794 2697 καὶ
817 2630 1067 2715 συντιθεμένων

56 2741 213 2824 ἀλλήλοις
244 2741 284 2803 τὰ
315 2740 463 2804 σύνθετα
494 2742 620 2822 γίνεται
654 2740 795 2823 σώματα.
840 2738 975 2824 πρώτην
1003 2732 1066 2802 οὖν
1079 2763 1108 2802 ιο

56 2848 144 2930 ὕλην
166 2843 221 2910 καὶ
245 2844 356 2922 ἁπλῶς
380 2841 465 2910 εἶναι
483 2845 569 2928 ὕλην
588 2844 694 2929 φασὶν
711 2848 772 2929 την
791 2844 965 2926 άσάιμαπον
985 2843 1065 2910 ἐκεί-

56 2977 121 3036 νην
144 2950 198 3016 ιιαὶ
222 2951 384 3034 ἀνείδεον,
408 2949 570 3036 δευτέρως
593 2948 630 3015 δὲ
650 2951 654 3034 λ
675 2953 712 3015 τὸ
736 2960 831 3036 τριχῇ
854 2950 988 3014 ὃιαστα-
1004 2966 1118 3009 rol-lev·

55 3063 116 3126 τόν
161 3056 273 3123 τεκαὶ
297 3059 416 3122 άποιον
439 3067 546 3142 σῶμα,
570 3056 587 3122 ὃ
611 3055 666 3121 καὶ
685 3057 844 3142 δεύτερόν
863 3074 967 3141 φασιν
985 3058 1066 3140 μετὰ
1166 3030 1176 3054 ⁰

55 3168 118 3249 τὴν
144 3165 231 3248 ὕλην
257 3163 488 3246 ὑποκείμενον,
514 3166 632 3248 τρίτως
660 3158 697 3227 δὲ
724 3161 779 3226 καὶ
806 3162 1067 3248 προσεχέστερον

56 3274 97 3337 τὰ
120 3270 262 3356 τέσσαρα
284 3279 441 3353 στοιχεῖα·
465 3268 506 3333 ού
529 3270 593 3354 γάρ
617 3268 728 3346 ἁπλῶς
750 3268 813 3352 ὕλη
839 3279 956 3352 ταῦτα,
982 3268 1066 3335 άλλά
1080 3295 1108 3338 ιι

56 3381 142 3462 πρός
169 3396 214 3443 τι*
250 3377 334 3461 πρὸς
361 3377 424 3461 γάρ
451 3377 492 3451 τά
519 3373 551 3452 ἐξ
580 3375 691 3440 αὐτῶν
714 3378 890 3460 γενόμενα,
918 3375 988 3440 έπελ
1011 3375 1067 3441 καὶ

57 3486 98 3549 τὰ
121 3482 156 3547 ἐκ
178 3484 307 3547 τούτων
331 3484 478 3547 σύνθετα
499 3481 562 3565 ὕλη
590 3483 674 3568 πρὸς
703 3480 797 3569 ἕτερα
823 3486 964 3566 γίνεται,
992 3474 1067 3547 οἷον

57 3593 95 3656 τὸ
125 3588 253 3676 σπέρμα
279 3586 334 3652 καὶ
362 3589 399 3652 τὸ
427 3591 630 3672 καταμήνιον
657 3588 720 3671 ὕλη
748 3597 808 3653 τοῦ
840 3586 933 3674 ζῴου,
980 3588 1066 3653 οὕτω

131 3860 154 3909 7
172 3849 581 3921 4570015(P15U⁸)015no⁰th
662 3857 706 3907 18.
725 3832 879 3923 ηιιτιςῦἱ
874 3868 912 3904 m
925 3866 1026 3916 mm
1040 3864 1118 3962 σιξἱ

47 3944 119 3993 flf‘v
84 3942 165 3977 “vm
222 3927 262 3973 ¹⁶·
284 3922 479 3996 malcum,
501 3942 590 3999 ειη,
606 3925 641 3981 M
696 3931 746 3983 λθ.
765 3926 890 3996 οὼματα
868 3909 1118 3992 affimat&
