2394 4208
10 33 848 337 -
965 128 971 142 ι

950 156 958 173 0

74 560 145 632 115]
349 559 397 612 DE
415 557 673 613 AETERNITATE
692 557 814 612 MVNDI
1045 559 1088 623 39

74 725 255 805 πρόνοιαν,
288 733 402 805 σαφῶς
431 723 621 807 ἠκούσαμεν
648 731 708 787 τοῦ
737 725 895 807 Πρόκλου
923 719 1089 803 λέγοντος.

75 828 132 894 καί
155 829 173 894 ὁ
197 831 386 913 φιλόσοφος
413 825 450 894 δέ
474 833 648 905 Πλωτῑνος
676 828 713 892 έν
739 836 785 915 τῷ
812 827 888 913 περὶ
916 838 1045 909 νοητῶν
1066 826 1087 910 ἢ

74 934 152 1020 περὶ
175 935 308 1019 ἀγαθοῦ
332 937 372 1000 τὰ
394 938 606 1022 παραπλήσια
624 934 699 1021 περὶ
720 944 778 1019 τῆς
796 937 1035 1020 δημιουργικῆς
1053 958 1089 998 τε

72 1042 130 1108 καί
149 1053 370 1127 προνοητικῆς
388 1051 449 1107 τοῦ
467 1049 552 1107 θεοῦ
572 1043 742 1125 δυνάμεως
765 1041 957 1125 ἀπεφήνατο
982 1041 1090 1117 οὕτως

73 1149 184 1232 λέγων
207 1148 260 1214 ζοὐ
283 1151 350 1232 μὴν
373 1146 443 1212 ἀλλ’
463 1150 492 1212 ελ
510 1149 562 1213 δεῖ
581 1147 720 1231 ἑκάστην
739 1147 909 1234 ἐνέργειαν
927 1149 970 1231 μὴ
991 1146 1087 1231 ἀτελῆ
1115 1173 1130 1213 ⁵

75 1251 162 1320 εἶναι
181 1252 265 1339 μηδὲ
283 1254 382 1338 θέμις
401 1263 461 1319 τοῦ
483 1261 569 1320 θεοῦ
588 1257 669 1320 ἄλλο
691 1278 723 1319 τι
742 1258 889 1338 νομίζειν
910 1253 931 1336 ἢ
954 1253 1035 1318 όλον
1052 1276 1088 1317 τε

75 1360 132 1426 καί
154 1371 233 1441 πᾶν,
257 1364 308 1427 δεῖ
332 1361 368 1426 έν
391 1361 521 1449 ὁτῳοῦν
544 1372 610 1426 τῶν
634 1361 737 1426 αὐτοῦ
755 1362 861 1425 πάντα
881 1359 1089 1451 ἐνυπάρχειν.

76 1468 128 1534 δεῖ
152 1472 270 1533 τοίνυν
292 1467 431 1532 καὶτοῦ
455 1466 506 1532 ίιεὶ
529 1463 626 1549 εἶναι,
650 1468 701 1532 δεῖ
723 1470 840 1532 τοίνυν
860 1466 993 1532 καὶτοῦ
1012 1465 1090 1551 μέλ·

74 1579 196 1651 λοντος
230 1575 293 1658 ἤδη
327 1576 492 1660 παρόντος
523 1569 618 1638 εἶναι.
668 1573 708 1637 οὐ
742 1574 783 1656 δὴ
814 1573 956 1658 ὕστερόν
987 1597 1018 1638 τι
1052 1572 1090 1637 έν

76 1679 204 1769 ἐκείνῳ,
227 1681 311 1746 ἀλλὰ
334 1682 371 1745 τὸ
393 1683 457 1766 ἤδη
481 1680 549 1746 ἐκεῖ
570 1681 678 1765 παρὸν
700 1679 842 1764 ὕστερον
866 1677 902 1742 ἐν
925 1681 1014 1763 ἄλλῳ
1037 1682 1088 1761 γί-
1103 1706 1131 1746 ιο

76 1811 177 1852 νεται.
223 1789 253 1852 εἰ
275 1783 339 1853 οὖν
361 1790 423 1872 ἤδη
447 1788 606 1874 πάρεστιν
625 1788 662 1851 τὸ
681 1785 813 1870 μέλλον,
838 1784 962 1869 ἀνάγκη
983 1787 1090 1863 οὕτως

76 1905 230 1979 παρεῖναι
254 1895 299 1972 ὡς
321 1894 591 1980 προνενοημένον
615 1896 661 1971 είς
684 1894 721 1958 τὸ
745 1893 902 1979 ὕστερον,
929 1886 1027 1956 τοῦτο
1052 1891 1093 1957 δέ

77 1999 170 2065 ἐστιν
192 2001 238 2078 ὡς
260 1998 366 2085 μηδὲν
388 2003 523 2068 δεῖσθαι
545 2002 688 2086 μηδενὸς
710 2003 794 2083 τότε,
817 2008 915 2064 τοῦτο
940 1998 979 2063 δέ
998 1998 1091 2064 ἐστιν

75 2104 182 2191 μηδὲν
207 2106 424 2186 ἐλλείψοντος.
470 2109 578 2173 πάντα
601 2109 665 2192 ἄρα
686 2108 750 2191 ἤδη
769 2102 812 2190 ἦν
830 2105 885 2171 καλ
905 2105 954 2170 ίιελ
973 2102 1016 2189 ἦν
1033 2105 1089 2172 καὶ

76 2215 184 2291 οὕτως
207 2209 250 2297 ἦν
272 2214 318 2290 ὡς
340 2215 446 2279 εἰπεῖν
472 2214 614 2299 ὕστερον
642 2213 719 2276 τόδε
746 2213 802 2276 διὰ
829 2214 919 2276 τόδε·
947 2211 1132 2277 έκτεινό-ισ

75 2344 181 2406 μενον
212 2316 274 2403 μὲν
303 2321 366 2405 γὰρ
398 2317 453 2384 καὶ
482 2311 556 2385 οἷον
584 2318 794 2402 ἀντλούμενον
822 2321 887 2403 ἔχει
918 2320 1090 2384 δεικνύναι

77 2427 156 2492 τόδε
179 2428 261 2510 μετὰ
287 2427 379 2509 τόδε,
412 2426 497 2510 ὁμοῦ
521 2422 558 2490 δὲ
581 2425 621 2491 δν
647 2435 714 2490 πᾶν
741 2426 778 2489 ’έν
805 2427 897 2508 τόδε,
929 2433 1028 2489 τοῦτο
1052 2423 1095 2489 δέ

77 2533 169 2600 ἐστιν
182 2537 261 2618 ἔχον
273 2532 310 2598 ἐν
321 2530 427 2620 ἑαυτῷ
441 2531 496 2597 καὶ
510 2533 572 2615 τὴν
586 2533 715 2597 αἰτίαν]
736 2532 740 2615 λ
761 2530 815 2596 καὶ
830 2531 848 2596 ὁ
861 2536 1147 2607 Πλωτῑνοςιοιποι.

78 2644 143 2726 ἄρα
165 2639 207 2705 οὐ
230 2642 337 2723 μόνον
364 2641 404 2704 τὰ
427 2641 507 2705 ὄντα
530 2637 689 2703 ἀλλὰκαὶ
712 2640 752 2702 τὰ
778 2637 942 2722 μέλλοντα
963 2639 1025 2722 ἤδη
1050 2647 1090 2723 τῇ

76 2748 265 2832 προγνώσει
288 2755 442 2831 παρεῖναι
464 2752 510 2833 τῷ
533 2750 603 2831 θεῷ
628 2763 743 2828 φησιν·
768 2744 785 2808 ὃ
810 2746 872 2829 γὰρ
897 2743 934 2808 ἐν
952 2754 1021 2820 τοῖς
1041 2767 1133 2826 γι-εο

79 2852 237 2937 νομένοις
263 2853 406 2936 ὕστερον
432 2852 626 2936 ὑφίσταται,
653 2860 751 2916 τοῦτο
779 2849 816 2914 έν
843 2849 957 2937 ἐκείνῳ
986 2849 1092 2935 φησὶν

77 2971 234 3045 παρεῖναι
258 2958 317 3024 ἀεί.
364 2953 434 3023 εἶτα
455 2957 511 3023 καὶ
538 2958 598 3021 τὸν
624 2959 749 3042 τρόπον
770 2955 994 3042 προσέθηκεν,
1020 2968 1091 3034 πῶς

77 3070 117 3134 τὸ
140 3066 264 3151 μέλλον
286 3071 356 3152 θεῷ
380 3066 553 3150 πάρεστιν,
581 3064 632 3128 ὅτι
654 3071 701 3150 τῷ
729 3075 821 3128 νοεῖν
848 3062 903 3127 καὶ
930 3065 969 3128 τὰ
992 3068 1089 3148 μήπω

79 3173 175 3241 ὄντα·
200 3171 350 3255 ’ἀνάγκα’
375 3173 449 3257 γάρ,
472 3174 591 3254 φησίν,
619 3170 736 3246 εοὕτως
762 3180 915 3254 παρεῖναι
943 3171 987 3248 ὡς
1009 3193 1090 3256 προ-

79 3277 285 3364 νενοημένον
307 3279 355 3355 είς
377 3279 414 3342 τὸ
437 3277 599 3362 ὕστερον.
637 3279 666 3341 εί
690 3271 752 3341 οὖν
773 3278 878 3341 πάντα
895 3285 941 3364 τῷ
959 3283 1031 3362 θεῷ
1050 3286 1090 3361 τῇ
1104 3300 1133 3343 ετ

77 3387 268 3473 προγνώσει
290 3383 346 3449 καὶ
369 3386 409 3448 τὰ
428 3387 525 3468 μήπω
544 3381 625 3448 ὅντα
644 3383 688 3459 ὡς
707 3380 788 3447 όντα
805 3384 974 3469 πάρεστιν,
998 3377 1092 3448 οἶδεν

78 3495 206 3578 δήπου,
236 3488 314 3555 καθ’
345 3490 385 3555 ὃν
413 3492 539 3575 τρόπον
570 3488 709 3554 ἕκαστον
741 3500 807 3554 τῶν
840 3487 1006 3572 ἐσομένων
1035 3489 1091 3555 καὶ

152 3726 177 3775 2.
197 3719 268 3774 Plot.
288 3734 350 3773 enn.
365 3717 405 3772 VI
419 3724 473 3785 7,1
498 3718 543 3786 (ef.
564 3717 638 3771 infra
656 3717 702 3771 fol.
717 3723 778 3771 42r.
799 3719 888 3786 238r.)
965 3721 989 3770 6.
1008 3720 1090 3786 θεμι-

77 3793 131 3848 τὸν
151 3795 222 3846 θεοῦ
241 3789 336 3845 ὁτιοῦν
354 3785 387 3844 δν
408 3789 473 3844 ἄλλο
491 3808 519 3844 τι
536 3788 608 3844 Plot.
699 3793 723 3842 8.
743 3789 790 3842 καὶ
808 3795 858 3842 τοῦ
873 3818 906 3828 -
920 3784 1017 3842 τοίνυν
1035 3806 1088 3844 om.

79 3863 154 3919 Plot.
219 3866 284 3916 m.
304 3859 448 3929 μέλλοντος
465 3860 503 3922 ὡς
520 3858 574 3929 ἤδη
593 3862 637 3929 pt,
657 3859 690 3913 cf.
710 3859 851 3914 f01.238r.
922 3864 961 3915 15.
981 3861 1028 3913 δια
1047 3861 1108 3988 Ἄ

78 3933 150 4002 μετὰ
169 3932 241 3987 Plot.
297 3938 338 3986 17.
358 3930 388 3986 ἓν
406 3948 459 3986 om.
478 3930 551 3986 Plot.
610 3936 651 3986 λλ.
672 3929 1055 4005 mavov[1litt.er.xmv
