2394 4208
66 532 130 585 XIII
146 532 192 601 13]
335 528 382 582 DE
401 527 658 582 AETERNITATE
677 527 800 583 MVNDI
939 464 951 490 ‘
1012 528 1077 592 515

66 697 147 759 ὄντα
170 695 275 778 πυρός
298 714 332 755 τε
355 690 410 755 καλ
433 701 494 775 γῆς
517 690 579 777 ἀηρ
603 714 638 755 τε
660 689 715 756 καὶ
735 690 844 776 ὕδωρ,
863 692 892 756 ελ
910 688 965 755 καὶ
984 689 1078 756 ἐναν-

66 809 193 865 τιοῦται
216 806 263 885 τῷ
287 797 358 883 ἀέρι
381 799 418 862 τὸ
441 807 525 884 πῦρ,
547 799 635 862 καθὸ
659 798 696 863 τὸ
720 795 782 882 μὲν
805 795 906 884 ξηρόν
930 795 1031 882 ἐστιν,
1059 796 1077 863 ὁ

65 903 102 970 δὲ
130 907 247 990 ὑγρός,
275 902 346 968 ἀλλ’
374 899 437 968 οὖν
466 904 636 969 συνδεῖται
659 904 743 989 πρὸς
766 906 891 987 ἄλληλα
912 913 1016 969 ταῦτα
1038 912 1077 989 τῇ

65 1022 125 1076 τοῦ
153 1019 284 1097 θερμοῦ
311 1013 484 1096 κοινωνίᾳ·
526 1011 624 1094 ἄμφω
653 1011 716 1097 γὰρ
743 1012 826 1074 κατὰ
852 1011 959 1094 φύσιν
986 1007 1078 1075 ἐστὶν

63 1121 187 1204 θερμά·
210 1119 311 1183 πόλιν
335 1116 364 1181 δ’
388 1112 430 1182 αὖ
454 1117 537 1204 πρὸς
559 1117 652 1203 ὕδωρ
675 1118 807 1203 ψυχρὸν
826 1116 866 1183 ὃν
883 1119 1010 1203 θερμὸς
1028 1117 1077 1182 ὢν
1104 1141 1117 1182 ⁵

65 1225 83 1290 ὁ
111 1225 172 1309 ἀὴρ
196 1227 381 1309 μαχόμενος
404 1233 442 1309 τῇ
466 1224 554 1310 ὑγρᾷ
576 1224 660 1309 πρὸς
684 1223 764 1288 αὐτὸ
788 1235 961 1290 κοινωνῶν
982 1227 1077 1290 ποιό-

62 1355 135 1415 τητι
159 1329 214 1394 καὶ
238 1329 281 1395 δι’
306 1328 426 1396 ἑαυτοῦ
454 1329 558 1415 μέσον
580 1328 705 1417 καὶτῷ
728 1330 826 1396 ὕδατι
849 1333 910 1414 τὴν
931 1331 1016 1418 πρὸς
1037 1331 1075 1395 τὸ

63 1447 131 1524 πῦρ
155 1441 319 1522 χαρίζεται
343 1436 479 1502 ἕνωσιν·
504 1437 626 1522 ὁμοίως
648 1438 685 1503 τὸ
708 1437 800 1524 ὕδωρ
823 1438 931 1524 ὑγρὸν
958 1436 998 1502 ὂν
1020 1435 1076 1502 καὶ

63 1555 102 1630 τῇ
131 1555 172 1630 γῇ
201 1543 283 1630 ξηρᾷ
311 1544 394 1629 οῦση
418 1547 587 1626 πολεμοῦν
610 1553 649 1629 τη
672 1546 845 1627 ταυτότητι
867 1553 925 1627 τῆς
948 1543 1076 1630 ψυχρᾶς

63 1654 238 1734 ποιότητος
267 1651 329 1732 τὴν
355 1650 438 1736 πρὸς
466 1649 571 1733 αὐτὴν
599 1653 716 1733 φιλίαν
743 1649 916 1729 ἀσπάζεται
943 1648 998 1714 καὶ
1027 1647 1070 1714 δι’
1089 1677 1115 1715 10

63 1756 185 1822 ἑαυτοῦ
213 1757 296 1841 πρὸς
323 1757 383 1819 τὸν
411 1754 492 1840 όιέρα
518 1754 573 1821 καὶ
601 1754 645 1820 δι’
674 1756 804 1821 ἐκείνου
831 1757 915 1841 πρὸς
942 1757 979 1820 τὸ
1007 1766 1074 1842 πῦρ

64 1864 168 1946 αὐτὴν
196 1862 369 1927 συνάπτει·
410 1860 466 1926 καὶ
494 1862 575 1945 αὐτὴ
604 1859 640 1927 δὲ
668 1862 688 1945 ἡ
715 1872 755 1946 μῆ
779 1865 891 1948 ψυχρὰ
913 1857 998 1928 οὖσα
1019 1861 1075 1928 καὶ

63 1971 166 2054 ταύτη
195 1977 241 2055 τῷ
268 1967 350 2055 πυρὶ
374 1975 492 2056 θερμῷ
516 1971 588 2034 ὄντι
612 1967 820 2053 ἀντικειμένη
843 1992 878 2033 τε
901 1967 956 2033 καὶ
978 1973 1075 2034 πολε-

63 2084 174 2160 μοῦσα
201 2084 240 2159 τη
267 2078 428 2161 κοινωνίᾳ
455 2084 513 2158 τῆς
540 2071 640 2161 ξηρᾶς
668 2073 801 2140 ἑνοῦται
825 2076 997 2160 δυνάμεως
1019 2074 1074 2141 καὶ

61 2184 98 2246 τὸ
127 2182 220 2268 ὕδωρ
248 2180 303 2245 καὶ
331 2183 390 2246 τὸν
418 2179 512 2267 ιἰἐρα,
540 2183 627 2246 καθὸ
655 2181 742 2268 ὑγρά
765 2180 865 2265 ἐστιν,
889 2179 977 2268 ξηρῷ
1000 2183 1072 2247 ὄντι
1087 2208 1113 2249 15

60 2297 107 2375 τῷ
137 2286 219 2372 πυρὶ
248 2290 416 2372 μαχόμενα
448 2285 491 2353 δι’
523 2285 640 2371 ἑαυτῆς
672 2285 773 2371 μέσης
804 2288 972 2352 συνάπτει.
1017 2287 1072 2354 καλ

61 2395 141 2480 ὅπερ
170 2391 262 2458 ἐστὶν
288 2404 359 2471 τοῖς
382 2396 496 2477 ἄκροις
519 2394 559 2458 τὰ
580 2391 678 2478 μέσα,
701 2391 789 2457 τοῦτ’
814 2389 856 2458 αὖ
879 2395 980 2459 πόλιν
1002 2405 1072 2472 τοῖς

60 2500 174 2584 μέσοις
201 2502 240 2564 τὰ
269 2502 352 2586 ἄκρα
379 2503 520 2583 γίνεται·
557 2497 708 2565 συνδέων
730 2501 793 2586 γὰρ
818 2500 835 2565 ὁ
860 2499 922 2585 ιἰὴρ
945 2501 1072 2586 θερμὸς

61 2607 109 2671 ὢν
132 2609 264 2690 ψυχρὰν
287 2601 393 2672 οὖσαν
415 2608 477 2689 τὴν
499 2617 564 2690 γῆν
586 2603 630 2670 δι’
650 2603 770 2670 ἑαυτοῦ
788 2605 891 2689 μέσου
909 2608 993 2693 πρὸς
1010 2609 1071 2691 τὴν

60 2722 120 2777 τοῦ
150 2714 256 2798 πυρὸς
285 2715 473 2800 θερμότητα
500 2710 556 2777 καὶ
585 2714 833 2797 συναπτόμενος
863 2713 961 2791 αὐτὸς
988 2715 1071 2800 πρὸς
1085 2741 1111 2780 ιο

60 2823 120 2904 τὴν
144 2830 207 2904 γῆν
230 2817 296 2906 III&
318 2818 421 2903 μέσου
445 2828 506 2883 τοῦ
528 2819 651 2896 ὕδατος
674 2817 775 2906 (ὑγρὰ
797 2820 861 2907 γὰρ
880 2821 990 2904 ἄμφω,
1008 2837 1048 2878 101.
1057 2839 1121 2880 mv.

60 2927 123 3013 ἀὴρ
147 2926 201 2991 καὶ
225 2926 331 3014 ὕδωρ)
360 2927 462 2992 πόλιν
490 2925 589 3003 αὐτὸς
612 2926 630 2991 ὁ
654 2925 717 3013 ἀὴρ
740 2927 843 3013 ὑγρὸς
866 2927 914 2992 ὢν
938 2929 993 2992 διὰ
1016 2929 1070 3012 μέ·

59 3052 119 3115 σης
147 3043 204 3116 τῆς
227 3043 287 3117 γῆς
309 3035 393 3118 πρὸς
415 3035 476 3117 τὴν
498 3042 559 3098 τοῦ
581 3033 688 3119 πυρὸς
712 3043 887 3117 συμφωνεῖ
909 3032 1070 3121 ξηρότητα

58 3137 155 3225 (ξηρὰ
178 3141 241 3223 μὰρ
265 3148 331 3225 πῦρ
355 3163 390 3204 τε
412 3139 467 3204 καλ
490 3137 560 3227 γῆ)·
594 3139 678 3224 πρὸς
701 3135 738 3203 δὲ
761 3140 892 3217 τούτοις
915 3141 951 3205 τὸ
975 3141 1067 3227 ὕδωρ

58 3246 190 3330 ψυχρὸν
218 3244 258 3309 ὂν
284 3245 339 3310 καὶ
367 3247 474 3333 ὑγρὸν
500 3248 581 3311 κατὰ
608 3241 669 3330 μὲν
691 3245 728 3310 τὸ
752 3247 882 3330 θερμὸν
905 3245 947 3310 δι’
972 3246 1069 3333 ἀέρος
1083 3274 1108 3315 τι

56 3351 176 3436 μέσου,
204 3355 285 3418 κατὰ
309 3349 346 3417 δὲ
368 3354 405 3417 τὸ
429 3352 531 3439 ξηρὸν
554 3354 610 3418 διὰ
632 3361 690 3435 τῆς
713 3361 772 3435 μῦς
794 3351 895 3436 με’σης
917 3361 963 3440 τῷ
986 3353 1067 3439 πυρὶ

57 3456 293 3543 συμπλέκεται,
321 3458 376 3523 καλ
404 3459 510 3535 οὕτως
537 3459 581 3536 ὡς
609 3457 645 3522 ἐν
673 3465 762 3544 χορῷ
791 3458 847 3522 διὰ
868 3468 936 3521 τῶν
957 3457 1067 3542 μέσων

56 3564 112 3630 καὶ
142 3567 182 3629 τὰ
212 3567 296 3651 ἄκρα
324 3565 478 3650 ἀλλήλοις
506 3563 560 3630 καὶ
588 3567 627 3630 τὰ
654 3563 737 3649 μέσα
764 3574 833 3641 τοῖς
861 3565 975 3649 ἄκροις
999 3565 1066 3629 ἐπι-

129 3835 153 3884 2.
174 3830 274 3900 asold,
294 3845 326 3882 ex
345 3850 374 3898 η,
393 3829 424 3882 Μ
503 3835 527 3885 6.
548 3829 633 3902 adab}
651 3829 726 3884 ἀυτα
740 3830 779 3883 II
859 3817 1102 3892 '132wass

124 3906 147 3951 8.
168 3901 199 3953 τό
213 3901 263 3970 pt]
280 3919 328 3954 τωι
347 3901 378 3953 Μ

903 3977 964 4036 253*
