2394 4208
60 538 130 592 xm
144 544 168 594 ε.
185 540 212 611 ι]
339 538 388 594 ωε
406 537 664 595 mmmm
681 538 803 594 ιιωωι
1008 539 1075 604 493

60 705 196 785 κίνησιν
219 695 380 785 ὀύδεμίαν
402 699 467 779 ἔξει
491 701 641 786 ἀνάγκην
664 700 776 788 ἑτέρας
794 697 883 769 εἶναι
902 704 958 768 διδ
976 711 1075 768 τοῦτο

61 808 194 892 οὐσίας,
222 809 311 892 πλὴν
333 809 384 874 ὅτι
408 807 536 892 ἀμέσως
557 805 619 893 μὲν
640 809 707 874 ὑπὸ
730 818 788 894 τῆς
811 809 987 895 ἀσωμάτου
1010 809 1076 894 φύ-

62 933 147 992 σεως
171 914 189 980 δ
213 916 372 1001 οὐρανός,
396 916 453 982 διά
475 914 579 1000 μέσου
599 913 636 981 δὲ
654 918 776 982 τούτου
795 918 835 981 τὰ
853 915 946 993 ἐντὸς
964 916 1075 1004 κύκλῳ

63 1024 233 1107 φερόμενα
255 1032 314 1107 τῆς
335 1023 491 1105 τοιαύτης
514 1021 674 1088 ἀπολαύει
696 1025 872 1106 κινήσεως,
895 1021 954 1088 καὶ
977 1031 1076 1088 τοῦτο

63 1130 213 1205 εἰκότως·
237 1131 266 1195 εί
289 1130 352 1214 γάρ
376 1127 431 1194 καί
453 1132 513 1213 μία
534 1129 598 1212 ὑλη
622 1137 668 1216 τῷ
691 1128 781 1213 γένει
803 1138 884 1194 πᾶσι
907 1139 978 1206 τοῖς
996 1145 1076 1194 συν·
1104 1156 1117 1198 σ

62 1235 178 1312 θέτοις
200 1235 372 1301 ὑπόκειται
396 1237 546 1320 σώμασιν
568 1234 623 1321 (τά
640 1234 784 1320 τέσσαρα
801 1234 886 1319 λέγω
906 1232 1077 1322 στοιχεῖα),

63 1340 138 1406 ἀλλ’
161 1336 224 1407 οὖν
247 1341 358 1426 ἐπειδὴ
383 1344 464 1407 ἀλλο
488 1338 578 1419 εἶδος
600 1344 705 1408 ἀλλον
728 1343 840 1419 είδους
863 1340 953 1407 ἐστὶν
971 1352 1078 1428 κρείτ-

62 1472 135 1532 τον,
166 1440 240 1514 οἷον
270 1448 351 1534 φέρε
381 1449 462 1532 (τὸ)
489 1458 551 1514 τοῦ
578 1457 706 1535 χρυσοῦ
733 1448 753 1532 ἢ
781 1449 819 1514 τὸ
847 1458 907 1514 τοῦ
935 1449 1077 1534 σιδήρου

64 1554 121 1619 καλ
144 1555 182 1618 τὸ
205 1564 265 1620 τοῦ
288 1556 457 1621 συνθέτου
481 1555 665 1642 ἀνθρώπου
688 1555 708 1639 ἢ
728 1555 765 1621 τὸ
785 1565 845 1622 τοῦ
863 1557 976 1638 κυνός,
994 1557 1078 1640 πρὸς

64 1664 170 1745 λόγον
197 1658 233 1726 δέ
261 1672 318 1746 τῆς
344 1673 412 1727 τῶν
439 1663 540 1727 εἰδῶν
566 1662 731 1748 ὑπεροχῆς
757 1662 777 1746 ἡ
806 1663 908 1746 φύσις
935 1660 990 1727 καλ
1016 1662 1118 1745 τὴνιο

64 1779 135 1833 τῶν
158 1773 329 1853 στοιχείων
352 1767 591 1854 καθαρωτέραν
612 1779 734 1854 μοῖραν
757 1770 805 1846 είς
827 1770 889 1852 τὴν
911 1778 979 1833 τῶν
999 1784 1078 1832 συν-

65 1874 178 1939 θέτων
201 1874 366 1958 ἐκλέγεται
390 1875 532 1959 γένεσιν,
555 1875 576 1959 ἡ
600 1872 637 1940 δὲ
659 1885 721 1940 τοῦ
745 1875 906 1961 οὐρανίου
929 1875 1079 1958 σώματος

66 1981 142 2046 ἰδέα
168 1992 236 2046 τῶν
265 1983 376 2046 ἀλλων
405 1981 561 2046 ἁπάντων
591 1983 752 2066 σωμάτων
778 1980 1078 2067 ὑπεραναβέρηκεν,

66 2089 194 2172 ἀνάγκη
223 2091 331 2173 δήπου
359 2087 415 2153 καλ
442 2100 510 2154 τῶν
537 2093 710 2174 στοιχείων
737 2089 818 2154 αὐτὸ
845 2090 883 2153 τὸ
907 2086 1080 2173 εἰλικρινέ-

66 2213 190 2260 στατον
221 2194 276 2260 καλ
309 2187 383 2261 οἷον
415 2195 611 2280 ἀπάνὺισμα
640 2196 727 2278 ὑλην
757 2206 797 2282 τῇ
829 2205 889 2261 τοῦ
918 2195 1079 2280 οὐρανίου
1094 2222 1121 2263 ιι

65 2304 219 2385 σώματος
237 2303 437 2367 ὑποκεῖσθαι
457 2301 538 2387 ἰδέα.
575 2301 645 2368 ἐπεὶ
669 2298 732 2368 οὐν
755 2300 810 2367 καλ
831 2303 896 2388 ὑλη
919 2301 974 2367 καί
998 2303 1080 2367 είδει

68 2406 229 2495 κρεῑτιτον
258 2409 397 2494 ὑπάρχει
427 2419 495 2474 τῶν
524 2408 618 2486 ε’ντδς
647 2409 802 2474 ἁπάντων
830 2411 868 2474 τὸ
899 2408 998 2495 οὐρά·
1017 2425 1133 2468 tows*-

68 2538 145 2580 νιον
167 2526 260 2599 σῶμα
283 2516 338 2581 καλ
361 2517 463 2602 ταύτη
486 2518 757 2602 μακροβιώτατύν
779 2516 869 2582 ἐστιν
891 2515 946 2581 καί
966 2518 1011 2594 ὡς
1029 2520 1079 2582 ἔνι

67 2623 209 2706 μάλιστα
232 2621 372 2705 ἀπαθές,
396 2623 531 2699 εἰκότως
553 2620 608 2687 καὶ
626 2633 760 2708 πρῶτον
777 2633 845 2687 τῶν
863 2622 956 2700 ἐντὸς
979 2620 1080 2708 (φημὶ

68 2729 111 2812 δὴ
144 2738 202 2812 της
234 2752 271 2812 γε
303 2738 363 2794 τοῦ
394 2729 502 2814 πυρὸς
537 2728 693 2813 ὁλότητος
728 2728 783 2794 καλ
815 2738 876 2794 τοῦ
907 2725 991 2815 ὑπὲρ
1023 2731 1081 2806 τὰς
1094 2754 1121 2795 ω

67 2837 222 2920 κορυφάς
244 2846 312 2900 τῶν
331 2835 421 2921 ὀρῶν
439 2832 551 2921 ἀέρος)
574 2845 632 2919 της
649 2838 760 2924 κύκλῳ
778 2835 904 2920 μετέχει
922 2839 1082 2920 κινήσεως

67 2940 124 3007 καλ
157 2940 200 3007 δι’
233 2941 362 3007 ε’κείνου
396 2942 473 3007 οὐτε
505 2942 545 3005 τὰ
576 2940 669 3019 ἐντὸς
702 2940 772 3006 ἀλλ’
805 2939 884 3008 οὐδὲ
915 2944 956 3006 τά
989 2941 1082 3020 ἐκτὸς

67 3047 216 3131 πέμπτης
239 3046 281 3112 ἀν
304 3043 373 3113 εἶεν
395 3049 452 3112 διά
473 3048 511 3113 τὸ
534 3049 645 3136 κύκλῳ
669 3047 833 3134 φέρεσθαι
852 3049 986 3133 φύσεως
1004 3049 1081 3114 οὐτε

69 3153 89 3219 ὁ
113 3154 266 3240 οὐρανός.

139 3262 176 3339 ζ’.
208 3259 436 3343 Δεδειγμένου
458 3264 587 3344 τοίνυν,
610 3261 655 3336 ὡς
678 3259 817 3343 οὐδεμία
840 3263 931 3325 ἔστιν
954 3261 1081 3345 ἀνάγκη
1096 3288 1122 3330 ιι

70 3369 129 3433 διά
157 3369 218 3451 τὴν
248 3369 359 3455 κύκλῳ
388 3371 521 3451 κίνησιν
549 3371 698 3451 ἔκφυλον
724 3366 779 3432 καλ
807 3365 903 3445 ξένου
930 3377 988 3452 τῆς
1014 3379 1082 3433 τῶν

69 3475 241 3560 τεσσάρων
277 3477 450 3559 στοιχείων
487 3475 620 3559 φύσεως
654 3475 692 3539 τὸ
730 3473 891 3559 οὐράνιον
921 3473 1082 3539 ὑπονοεῖν

69 3593 180 3666 σῶμα,
204 3580 239 3645 ἐκ
261 3582 390 3645 τούτων
414 3577 450 3645 δὲ
474 3581 584 3645 αὐτῶν
606 3578 661 3645 καί
686 3580 703 3645 ὁ
728 3579 872 3665 οὐρανὸς
890 3582 972 3645 κατά
991 3581 1082 3645 Πλά-

144 3778 169 3828 8.
189 3774 221 3828 τὸ
241 3773 306 3827 add.
400 3776 583 3827 καττύεται
601 3772 642 3838 Μ;
671 3789 707 3825 an
726 3781 858 3828 συνετοῦλ
956 3779 1004 3826 m.
1018 3773 1096 3838 ’ἀρὴ

68 3845 409 3967 3⁷¹⁶M³213¹L²Wm
426 3844 457 3898 M
557 3848 600 3901 1⁶·
620 3843 856 3916 ἅπανδηῠυαεὶ
957 3839 1116 3892 mm.

89 3933 135 3968 Lm.
