<?xml version="1.0" encoding="UTF-8"?>
<!DOCTYPE html PUBLIC "-//W3C//DTD XHTML 1.0 Transitional//EN"
    "http://www.w3.org/TR/xhtml1/DTD/xhtml1-transitional.dtd">
<html xmlns="http://www.w3.org/1999/xhtml" xml:lang="en" lang="en">
 <head>
  <title>
</title>
<meta http-equiv="Content-Type" content="text/html;charset=utf-8" />
  <meta name='ocr-system' content='tesseract 3.04.00' />
  <meta name='ocr-capabilities' content='ocr_page ocr_carea ocr_par ocr_line ocrx_word'/>
</head>
<body>
  <div class='ocr_page' id='page_1' title='image "./ioannesphilopon00philgoog_0546.png"; bbox 0 0 2394 4208; ppageno 0'>
   <div class='ocr_carea' id='block_1_1' title="bbox 77 534 1083 616">
    <p class='ocr_par' dir='ltr' id='par_1_1' title="bbox 77 534 1083 616">
     <span class='ocr_line' id='line_1_1' title="bbox 77 534 1083 616; baseline 0.012 -18"><span class='ocrx_word' id='word_1_1' title='bbox 77 545 139 599; x_wconf 80' lang='lat' dir='ltr'><strong><em>xm</em></strong></span> <span class='ocrx_word' id='word_1_2' title='bbox 154 547 198 616; x_wconf 83' lang='lat'><strong><em>18]</em></strong></span> <span class='ocrx_word' id='word_1_3' title='bbox 340 545 387 598; x_wconf 78' lang='lat' dir='ltr'><strong><em>DE</em></strong></span> <span class='ocrx_word' id='word_1_4' title='bbox 407 534 664 600; x_wconf 75' lang='grc' dir='ltr'><strong><em>Αυκιιιοουινκ</em></strong></span> <span class='ocrx_word' id='word_1_5' title='bbox 683 544 804 600; x_wconf 74' lang='grc' dir='ltr'><strong><em>υταοι</em></strong></span> <span class='ocrx_word' id='word_1_6' title='bbox 1017 547 1083 613; x_wconf 82' lang='lat'><strong><em>535</em></strong></span> 
     </span>
    </p>
   </div>
   <div class='ocr_carea' id='block_1_2' title="bbox 73 706 1084 1114">
    <p class='ocr_par' dir='ltr' id='par_1_2' title="bbox 73 706 1084 1114">
     <span class='ocr_line' id='line_1_2' title="bbox 74 706 1084 795; baseline 0.004 -24"><span class='ocrx_word' id='word_1_7' title='bbox 74 708 227 772; x_wconf 80' lang='grc' dir='ltr'><strong><em>κάτωθεν</em></strong></span> <span class='ocrx_word' id='word_1_8' title='bbox 250 707 412 793; x_wconf 79' lang='grc' dir='ltr'><em>ἀρχομένη</em></span> <span class='ocrx_word' id='word_1_9' title='bbox 437 709 457 791; x_wconf 82' lang='grc' dir='ltr'>ἡ</span> <span class='ocrx_word' id='word_1_10' title='bbox 480 706 625 794; x_wconf 78' lang='grc' dir='ltr'><strong><em>πυραμὶς</em></strong></span> <span class='ocrx_word' id='word_1_11' title='bbox 648 711 695 785; x_wconf 84' lang='grc' dir='ltr'><strong><em>εἰς</em></strong></span> <span class='ocrx_word' id='word_1_12' title='bbox 718 707 879 786; x_wconf 81' lang='grc' dir='ltr'><strong><em>ὀξύτατον</em></strong></span> <span class='ocrx_word' id='word_1_13' title='bbox 901 711 962 792; x_wconf 84' lang='grc' dir='ltr'><strong><em>την</em></strong></span> <span class='ocrx_word' id='word_1_14' title='bbox 985 733 1084 795; x_wconf 91' lang='grc' dir='ltr'><strong><em>κορυ-</em></strong></span> 
     </span>
     <span class='ocr_line' id='line_1_3' title="bbox 75 812 1084 903; baseline 0.002 -25"><span class='ocrx_word' id='word_1_15' title='bbox 75 817 145 898; x_wconf 83' lang='grc' dir='ltr'><strong><em>φὴν</em></strong></span> <span class='ocrx_word' id='word_1_16' title='bbox 168 814 387 899; x_wconf 88' lang='grc' dir='ltr'><strong><em>ἀποπαύεται,</em></strong></span> <span class='ocrx_word' id='word_1_17' title='bbox 410 815 568 899; x_wconf 82' lang='grc' dir='ltr'><strong><em>τμητικὸν</em></strong></span> <span class='ocrx_word' id='word_1_18' title='bbox 591 812 628 879; x_wconf 75' lang='grc' dir='ltr'><strong><em>δὲ</em></strong></span> <span class='ocrx_word' id='word_1_19' title='bbox 651 816 688 879; x_wconf 92' lang='grc' dir='ltr'><strong><em>τὸ</em></strong></span> <span class='ocrx_word' id='word_1_20' title='bbox 713 813 772 892; x_wconf 85' lang='grc' dir='ltr'><strong><em>ὀξὺ</em></strong></span> <span class='ocrx_word' id='word_1_21' title='bbox 795 815 850 880; x_wconf 82' lang='grc' dir='ltr'><strong><em>καί</em></strong></span> <span class='ocrx_word' id='word_1_22' title='bbox 875 815 1084 903; x_wconf 83' lang='grc' dir='ltr'><strong><em>διιτητικόν),</em></strong></span> 
     </span>
     <span class='ocr_line' id='line_1_4' title="bbox 77 918 1083 1008; baseline 0.003 -24"><span class='ocrx_word' id='word_1_23' title='bbox 77 927 156 997; x_wconf 75' lang='grc' dir='ltr'><strong><em>ἴσως</em></strong></span> <span class='ocrx_word' id='word_1_24' title='bbox 179 918 216 985; x_wconf 73' lang='grc' dir='ltr'><strong><em>δέ</em></strong></span> <span class='ocrx_word' id='word_1_25' title='bbox 238 920 293 986; x_wconf 80' lang='grc' dir='ltr'><strong><em>καὶ</em></strong></span> <span class='ocrx_word' id='word_1_26' title='bbox 317 922 431 986; x_wconf 83' lang='grc' dir='ltr'><strong><em>διὰτὸ</em></strong></span> <span class='ocrx_word' id='word_1_27' title='bbox 456 920 635 1006; x_wconf 89' lang='grc' dir='ltr'><strong><em>ἀνωφόρον</em></strong></span> <span class='ocrx_word' id='word_1_28' title='bbox 663 919 746 1007; x_wconf 85' lang='grc' dir='ltr'><strong><em>(ἀνω</em></strong></span> <span class='ocrx_word' id='word_1_29' title='bbox 771 923 832 1008; x_wconf 86' lang='grc' dir='ltr'><strong><em>γάρ</em></strong></span> <span class='ocrx_word' id='word_1_30' title='bbox 856 923 876 1005; x_wconf 81' lang='grc' dir='ltr'>ἡ</span> <span class='ocrx_word' id='word_1_31' title='bbox 900 932 957 1006; x_wconf 81' lang='grc' dir='ltr'><strong><em>της</em></strong></span> <span class='ocrx_word' id='word_1_32' title='bbox 979 945 1083 1008; x_wconf 87' lang='grc' dir='ltr'><strong><em>πυρα-</em></strong></span> 
     </span>
     <span class='ocr_line' id='line_1_5' title="bbox 73 1024 1084 1114; baseline 0.003 -24"><span class='ocrx_word' id='word_1_33' title='bbox 73 1029 172 1110; x_wconf 85' lang='grc' dir='ltr'><strong><em>μίδος</em></strong></span> <span class='ocrx_word' id='word_1_34' title='bbox 194 1030 326 1113; x_wconf 79' lang='grc' dir='ltr'><strong><em>κορυφὴ</em></strong></span> <span class='ocrx_word' id='word_1_35' title='bbox 350 1025 531 1114; x_wconf 79' lang='grc' dir='ltr'><strong><em>νένευκεν),</em></strong></span> <span class='ocrx_word' id='word_1_36' title='bbox 554 1028 636 1112; x_wconf 81' lang='grc' dir='ltr'><strong><em>τάχα</em></strong></span> <span class='ocrx_word' id='word_1_37' title='bbox 660 1024 696 1092; x_wconf 78' lang='grc' dir='ltr'><strong><em>δέ</em></strong></span> <span class='ocrx_word' id='word_1_38' title='bbox 715 1026 769 1092; x_wconf 80' lang='grc' dir='ltr'><strong><em>καί</em></strong></span> <span class='ocrx_word' id='word_1_39' title='bbox 789 1029 844 1092; x_wconf 85' lang='grc' dir='ltr'><strong><em>διὰ</em></strong></span> <span class='ocrx_word' id='word_1_40' title='bbox 864 1029 900 1093; x_wconf 91' lang='grc' dir='ltr'><strong><em>τὸ</em></strong></span> <span class='ocrx_word' id='word_1_41' title='bbox 919 1029 957 1093; x_wconf 86' lang='grc' dir='ltr'><strong><em>τὸ</em></strong></span> <span class='ocrx_word' id='word_1_42' title='bbox 978 1039 1084 1113; x_wconf 78' lang='grc' dir='ltr'><strong><em>σχῆμα</em></strong></span> 
     </span>
    </p>
   </div>
   <div class='ocr_carea' id='block_1_3' title="bbox 73 1133 1139 3664">
    <p class='ocr_par' dir='ltr' id='par_1_3' title="bbox 73 1133 1139 3664">
     <span class='ocr_line' id='line_1_6' title="bbox 74 1133 1124 1220; baseline 0.004 -24"><span class='ocrx_word' id='word_1_43' title='bbox 74 1143 134 1199; x_wconf 91' lang='grc' dir='ltr'><strong><em>τοῦ</em></strong></span> <span class='ocrx_word' id='word_1_44' title='bbox 175 1136 368 1198; x_wconf 86' lang='grc' dir='ltr'><strong><em>διακονικοῦ</em></strong></span> <span class='ocrx_word' id='word_1_45' title='bbox 407 1135 513 1219; x_wconf 90' lang='grc' dir='ltr'><strong><em>πυρὸς</em></strong></span> <span class='ocrx_word' id='word_1_46' title='bbox 553 1133 773 1219; x_wconf 87' lang='grc' dir='ltr'><strong><em>πυραμοειδές</em></strong></span> <span class='ocrx_word' id='word_1_47' title='bbox 809 1156 878 1210; x_wconf 91' lang='grc' dir='ltr'><strong><em>πως</em></strong></span> <span class='ocrx_word' id='word_1_48' title='bbox 913 1134 1124 1220; x_wconf 74' lang='grc' dir='ltr'><strong><em>ὑπάρχεινν</em></strong></span> 
     </span>
     <span class='ocr_line' id='line_1_7' title="bbox 74 1237 1084 1326; baseline 0.002 -23"><span class='ocrx_word' id='word_1_49' title='bbox 74 1242 113 1304; x_wconf 87' lang='grc' dir='ltr'><strong><em>τὸ</em></strong></span> <span class='ocrx_word' id='word_1_50' title='bbox 152 1237 188 1304; x_wconf 77' lang='grc' dir='ltr'><strong><em>δέ</em></strong></span> <span class='ocrx_word' id='word_1_51' title='bbox 226 1242 454 1325; x_wconf 75' lang='grc' dir='ltr'><strong><em>εἰκοσάεδρον,</em></strong></span> <span class='ocrx_word' id='word_1_52' title='bbox 497 1241 577 1326; x_wconf 83' lang='grc' dir='ltr'><strong><em>ὅπερ</em></strong></span> <span class='ocrx_word' id='word_1_53' title='bbox 615 1238 706 1305; x_wconf 80' lang='grc' dir='ltr'><strong><em>ἐστὶν</em></strong></span> <span class='ocrx_word' id='word_1_54' title='bbox 743 1249 849 1326; x_wconf 80' lang='grc' dir='ltr'><strong><em>σχῆμα</em></strong></span> <span class='ocrx_word' id='word_1_55' title='bbox 882 1241 1018 1326; x_wconf 88' lang='grc' dir='ltr'><strong><em>στερεὸν</em></strong></span> <span class='ocrx_word' id='word_1_56' title='bbox 1050 1240 1084 1319; x_wconf 81' lang='grc' dir='ltr'><strong><em>ἐξ</em></strong></span> 
     </span>
     <span class='ocr_line' id='line_1_8' title="bbox 76 1345 1084 1435; baseline 0.002 -25"><span class='ocrx_word' id='word_1_57' title='bbox 76 1354 180 1411; x_wconf 84' lang='grc' dir='ltr'><strong><em>είκοσι</em></strong></span> <span class='ocrx_word' id='word_1_58' title='bbox 213 1349 385 1433; x_wconf 80' lang='grc' dir='ltr'><strong><em>τριγώνων</em></strong></span> <span class='ocrx_word' id='word_1_59' title='bbox 416 1349 662 1431; x_wconf 84' lang='grc' dir='ltr'><strong><em>περιεχόμενον,</em></strong></span> <span class='ocrx_word' id='word_1_60' title='bbox 695 1354 741 1434; x_wconf 76' lang='grc' dir='ltr'><strong><em>τῷ</em></strong></span> <span class='ocrx_word' id='word_1_61' title='bbox 773 1345 871 1411; x_wconf 88' lang='grc' dir='ltr'><strong><em>ὑδατι</em></strong></span> <span class='ocrx_word' id='word_1_62' title='bbox 903 1351 1084 1435; x_wconf 78' lang='grc' dir='ltr'><strong><em>προσῳκεί-</em></strong></span> 
     </span>
     <span class='ocr_line' id='line_1_9' title="bbox 77 1453 1139 1537; baseline 0 -20"><span class='ocrx_word' id='word_1_63' title='bbox 77 1472 162 1518; x_wconf 89' lang='grc' dir='ltr'><strong><em>ωσεν</em></strong></span> <span class='ocrx_word' id='word_1_64' title='bbox 183 1454 186 1537; x_wconf 62' lang='grc' dir='ltr'><strong><em>ί</em></strong></span> <span class='ocrx_word' id='word_1_65' title='bbox 208 1455 264 1518; x_wconf 83' lang='grc' dir='ltr'><strong><em>διὰ</em></strong></span> <span class='ocrx_word' id='word_1_66' title='bbox 286 1455 323 1518; x_wconf 91' lang='grc' dir='ltr'><strong><em>τὸ</em></strong></span> <span class='ocrx_word' id='word_1_67' title='bbox 348 1454 530 1518; x_wconf 83' lang='grc' dir='ltr'><strong><em>εὐύλισθον</em></strong></span> <span class='ocrx_word' id='word_1_68' title='bbox 552 1463 609 1537; x_wconf 79' lang='grc' dir='ltr'><strong><em>τῆς</em></strong></span> <span class='ocrx_word' id='word_1_69' title='bbox 632 1462 692 1517; x_wconf 88' lang='grc' dir='ltr'><strong><em>τοῦ</em></strong></span> <span class='ocrx_word' id='word_1_70' title='bbox 715 1453 836 1530; x_wconf 82' lang='grc' dir='ltr'><strong><em>ὕδατος</em></strong></span> <span class='ocrx_word' id='word_1_71' title='bbox 860 1454 1004 1536; x_wconf 85' lang='grc' dir='ltr'><strong><em>φύσεως·</em></strong></span> <span class='ocrx_word' id='word_1_72' title='bbox 1024 1471 1139 1512; x_wconf 72' lang='lat' dir='ltr'>rol-mv.</span> 
     </span>
     <span class='ocr_line' id='line_1_10' title="bbox 75 1556 1083 1645; baseline -0.002 -20"><span class='ocrx_word' id='word_1_73' title='bbox 75 1565 166 1625; x_wconf 84' lang='grc' dir='ltr'><strong><em>ἐστιν</em></strong></span> <span class='ocrx_word' id='word_1_74' title='bbox 199 1563 260 1645; x_wconf 87' lang='grc' dir='ltr'><strong><em>γάρ</em></strong></span> <span class='ocrx_word' id='word_1_75' title='bbox 293 1562 330 1624; x_wconf 93' lang='grc' dir='ltr'><strong><em>τὸ</em></strong></span> <span class='ocrx_word' id='word_1_76' title='bbox 364 1570 470 1644; x_wconf 74' lang='grc' dir='ltr'><strong><em>σχῆμα</em></strong></span> <span class='ocrx_word' id='word_1_77' title='bbox 502 1568 599 1624; x_wconf 90' lang='grc' dir='ltr'><strong><em>τοῦτο</em></strong></span> <span class='ocrx_word' id='word_1_78' title='bbox 636 1563 750 1642; x_wconf 79' lang='grc' dir='ltr'><strong><em>ἔγγιον</em></strong></span> <span class='ocrx_word' id='word_1_79' title='bbox 787 1562 945 1644; x_wconf 82' lang='grc' dir='ltr'><strong><em>σφαίρας·</em></strong></span> <span class='ocrx_word' id='word_1_80' title='bbox 990 1559 1010 1642; x_wconf 82' lang='grc' dir='ltr'>ἡ</span> <span class='ocrx_word' id='word_1_81' title='bbox 1047 1556 1083 1623; x_wconf 82' lang='grc' dir='ltr'><strong><em>δέ</em></strong></span> 
     </span>
     <span class='ocr_line' id='line_1_11' title="bbox 75 1663 1125 1751; baseline 0.001 -20"><span class='ocrx_word' id='word_1_82' title='bbox 75 1678 202 1751; x_wconf 87' lang='grc' dir='ltr'><strong><em>σφαῖρα</em></strong></span> <span class='ocrx_word' id='word_1_83' title='bbox 229 1668 311 1730; x_wconf 82' lang='grc' dir='ltr'><strong><em>κατὰ</em></strong></span> <span class='ocrx_word' id='word_1_84' title='bbox 339 1677 477 1750; x_wconf 80' lang='grc' dir='ltr'><strong><em>σημεῖον</em></strong></span> <span class='ocrx_word' id='word_1_85' title='bbox 504 1674 563 1729; x_wconf 93' lang='grc' dir='ltr'><strong><em>τοῦ</em></strong></span> <span class='ocrx_word' id='word_1_86' title='bbox 595 1663 752 1729; x_wconf 77' lang='grc' dir='ltr'><strong><em>ἐπιπέδου</em></strong></span> <span class='ocrx_word' id='word_1_87' title='bbox 784 1663 949 1748; x_wconf 78' lang='grc' dir='ltr'><strong><em>ἁπτομένη</em></strong></span> <span class='ocrx_word' id='word_1_88' title='bbox 978 1665 1084 1731; x_wconf 89' lang='grc' dir='ltr'><strong><em>εὐόλι-</em></strong></span> <span class='ocrx_word' id='word_1_89' title='bbox 1099 1693 1125 1732; x_wconf 86' lang='grc' dir='ltr'><strong><em>ιο</em></strong></span> 
     </span>
     <span class='ocr_line' id='line_1_12' title="bbox 77 1769 1085 1856; baseline -0.001 -19"><span class='ocrx_word' id='word_1_90' title='bbox 77 1776 162 1849; x_wconf 86' lang='grc' dir='ltr'><strong><em>σθός</em></strong></span> <span class='ocrx_word' id='word_1_91' title='bbox 185 1772 288 1836; x_wconf 87' lang='grc' dir='ltr'><strong><em>ἔστιν·</em></strong></span> <span class='ocrx_word' id='word_1_92' title='bbox 321 1773 447 1836; x_wconf 88' lang='grc' dir='ltr'><strong><em>οὐκοῦν</em></strong></span> <span class='ocrx_word' id='word_1_93' title='bbox 470 1769 524 1835; x_wconf 81' lang='grc' dir='ltr'><strong><em>καὶ</em></strong></span> <span class='ocrx_word' id='word_1_94' title='bbox 547 1782 615 1835; x_wconf 84' lang='grc' dir='ltr'><strong><em>τῶν</em></strong></span> <span class='ocrx_word' id='word_1_95' title='bbox 638 1771 886 1856; x_wconf 78' lang='grc' dir='ltr'><strong><em>εὐθυγράμμων</em></strong></span> <span class='ocrx_word' id='word_1_96' title='bbox 909 1772 946 1835; x_wconf 94' lang='grc' dir='ltr'><strong><em>τὸ</em></strong></span> <span class='ocrx_word' id='word_1_97' title='bbox 971 1775 1085 1854; x_wconf 82' lang='grc' dir='ltr'><strong><em>ἔγγιον</em></strong></span> 
     </span>
     <span class='ocr_line' id='line_1_13' title="bbox 76 1876 1084 1963; baseline 0 -20"><span class='ocrx_word' id='word_1_98' title='bbox 76 1884 220 1963; x_wconf 81' lang='grc' dir='ltr'><strong><em>σφαίρας</em></strong></span> <span class='ocrx_word' id='word_1_99' title='bbox 251 1883 378 1961; x_wconf 83' lang='grc' dir='ltr'><strong><em>μᾶλλον</em></strong></span> <span class='ocrx_word' id='word_1_100' title='bbox 414 1889 481 1946; x_wconf 86' lang='grc' dir='ltr'><strong><em>τῶν</em></strong></span> <span class='ocrx_word' id='word_1_101' title='bbox 519 1878 629 1941; x_wconf 88' lang='grc' dir='ltr'><strong><em>ἀλλων</em></strong></span> <span class='ocrx_word' id='word_1_102' title='bbox 666 1877 855 1941; x_wconf 88' lang='grc' dir='ltr'><strong><em>εύόλισθον.</em></strong></span> <span class='ocrx_word' id='word_1_103' title='bbox 902 1881 1017 1961; x_wconf 84' lang='grc' dir='ltr'><strong><em>ἔγγιον</em></strong></span> <span class='ocrx_word' id='word_1_104' title='bbox 1049 1876 1084 1943; x_wconf 82' lang='grc' dir='ltr'><strong><em>δέ</em></strong></span> 
     </span>
     <span class='ocr_line' id='line_1_14' title="bbox 75 1981 1086 2069; baseline -0.002 -18"><span class='ocrx_word' id='word_1_105' title='bbox 75 1991 220 2069; x_wconf 80' lang='grc' dir='ltr'><strong><em>σφαίρας</em></strong></span> <span class='ocrx_word' id='word_1_106' title='bbox 242 1986 279 2048; x_wconf 90' lang='grc' dir='ltr'><strong><em>τὸ</em></strong></span> <span class='ocrx_word' id='word_1_107' title='bbox 303 1985 614 2069; x_wconf 85' lang='grc' dir='ltr'><strong><em>πολυγωνιώτερον·</em></strong></span> <span class='ocrx_word' id='word_1_108' title='bbox 636 1984 935 2069; x_wconf 82' lang='grc' dir='ltr'><strong><em>πολυγωνιάτερον</em></strong></span> <span class='ocrx_word' id='word_1_109' title='bbox 959 1981 995 2048; x_wconf 75' lang='grc' dir='ltr'><strong><em>δὲ</em></strong></span> <span class='ocrx_word' id='word_1_110' title='bbox 1019 1995 1086 2049; x_wconf 84' lang='grc' dir='ltr'><strong><em>τῶν</em></strong></span> 
     </span>
     <span class='ocr_line' id='line_1_15' title="bbox 73 2089 1084 2176; baseline -0.002 -20"><span class='ocrx_word' id='word_1_111' title='bbox 73 2095 185 2156; x_wconf 84' lang='grc' dir='ltr'><strong><em>ἀλλων</em></strong></span> <span class='ocrx_word' id='word_1_112' title='bbox 208 2092 245 2154; x_wconf 93' lang='grc' dir='ltr'><strong><em>τὸ</em></strong></span> <span class='ocrx_word' id='word_1_113' title='bbox 269 2091 495 2175; x_wconf 77' lang='grc' dir='ltr'><strong><em>εἰκοσάεδρον·</em></strong></span> <span class='ocrx_word' id='word_1_114' title='bbox 531 2093 687 2166; x_wconf 82' lang='grc' dir='ltr'><strong><em>πλείονας</em></strong></span> <span class='ocrx_word' id='word_1_115' title='bbox 710 2091 772 2175; x_wconf 83' lang='grc' dir='ltr'><strong><em>γάρ</em></strong></span> <span class='ocrx_word' id='word_1_116' title='bbox 797 2091 953 2174; x_wconf 84' lang='grc' dir='ltr'><strong><em>ἔχοντάς</em></strong></span> <span class='ocrx_word' id='word_1_117' title='bbox 976 2089 1084 2176; x_wconf 88' lang='grc' dir='ltr'><strong><em>ἔδρας,</em></strong></span> 
     </span>
     <span class='ocr_line' id='line_1_16' title="bbox 76 2195 1125 2282; baseline 0 -18"><span class='ocrx_word' id='word_1_118' title='bbox 76 2202 105 2264; x_wconf 84' lang='grc' dir='ltr'><strong><em>εί</em></strong></span> <span class='ocrx_word' id='word_1_119' title='bbox 128 2198 182 2263; x_wconf 83' lang='grc' dir='ltr'><strong><em>καὶ</em></strong></span> <span class='ocrx_word' id='word_1_120' title='bbox 206 2200 248 2282; x_wconf 80' lang='grc' dir='ltr'><strong><em>μὴ</em></strong></span> <span class='ocrx_word' id='word_1_121' title='bbox 278 2199 359 2262; x_wconf 80' lang='grc' dir='ltr'><strong><em>κατὰ</em></strong></span> <span class='ocrx_word' id='word_1_122' title='bbox 387 2207 525 2281; x_wconf 80' lang='grc' dir='ltr'><strong><em>σημεῖον</em></strong></span> <span class='ocrx_word' id='word_1_123' title='bbox 551 2205 611 2260; x_wconf 89' lang='grc' dir='ltr'><strong><em>τοῦ</em></strong></span> <span class='ocrx_word' id='word_1_124' title='bbox 640 2195 798 2260; x_wconf 79' lang='grc' dir='ltr'><strong><em>ἐπιπέδου</em></strong></span> <span class='ocrx_word' id='word_1_125' title='bbox 827 2198 976 2281; x_wconf 86' lang='grc' dir='ltr'><strong><em>ἀπτεται,</em></strong></span> <span class='ocrx_word' id='word_1_126' title='bbox 1010 2195 1080 2261; x_wconf 89' lang='grc' dir='ltr'><strong><em>ἀλλ’</em></strong></span> <span class='ocrx_word' id='word_1_127' title='bbox 1099 2224 1125 2264; x_wconf 81' lang='lat'><strong><em>15</em></strong></span> 
     </span>
     <span class='ocr_line' id='line_1_17' title="bbox 75 2301 1085 2388; baseline 0 -19"><span class='ocrx_word' id='word_1_128' title='bbox 75 2305 224 2370; x_wconf 78' lang='grc' dir='ltr'><strong><em>ἐλάττονι</em></strong></span> <span class='ocrx_word' id='word_1_129' title='bbox 248 2313 333 2387; x_wconf 88' lang='grc' dir='ltr'><strong><em>γοῦν</em></strong></span> <span class='ocrx_word' id='word_1_130' title='bbox 354 2303 444 2387; x_wconf 90' lang='grc' dir='ltr'><strong><em>μέρει</em></strong></span> <span class='ocrx_word' id='word_1_131' title='bbox 463 2304 593 2378; x_wconf 89' lang='grc' dir='ltr'><strong><em>πάντως</em></strong></span> <span class='ocrx_word' id='word_1_132' title='bbox 611 2312 678 2366; x_wconf 87' lang='grc' dir='ltr'><strong><em>τῶν</em></strong></span> <span class='ocrx_word' id='word_1_133' title='bbox 697 2303 807 2366; x_wconf 89' lang='grc' dir='ltr'><strong><em>ἀλλων</em></strong></span> <span class='ocrx_word' id='word_1_134' title='bbox 827 2301 1085 2388; x_wconf 84' lang='grc' dir='ltr'><strong><em>λσοπεριμέτρων</em></strong></span> 
     </span>
     <span class='ocr_line' id='line_1_18' title="bbox 75 2408 1084 2494; baseline 0 -20"><span class='ocrx_word' id='word_1_135' title='bbox 75 2408 175 2494; x_wconf 76' lang='grc' dir='ltr'><strong><em>ἦττον</em></strong></span> <span class='ocrx_word' id='word_1_136' title='bbox 197 2421 255 2494; x_wconf 82' lang='grc' dir='ltr'><strong><em>της</em></strong></span> <span class='ocrx_word' id='word_1_137' title='bbox 273 2408 491 2493; x_wconf 79' lang='grc' dir='ltr'><strong><em>ὑποκειμένης</em></strong></span> <span class='ocrx_word' id='word_1_138' title='bbox 510 2408 688 2492; x_wconf 85' lang='grc' dir='ltr'><strong><em>ἐφάπτεται</em></strong></span> <span class='ocrx_word' id='word_1_139' title='bbox 708 2410 816 2493; x_wconf 83' lang='grc' dir='ltr'><strong><em>χώρας</em></strong></span> <span class='ocrx_word' id='word_1_140' title='bbox 836 2408 891 2473; x_wconf 80' lang='grc' dir='ltr'><strong><em>καί</em></strong></span> <span class='ocrx_word' id='word_1_141' title='bbox 911 2410 967 2473; x_wconf 79' lang='grc' dir='ltr'><strong><em>διὰ</em></strong></span> <span class='ocrx_word' id='word_1_142' title='bbox 985 2418 1084 2475; x_wconf 89' lang='grc' dir='ltr'><strong><em>τοῦτο</em></strong></span> 
     </span>
     <span class='ocr_line' id='line_1_19' title="bbox 73 2512 1085 2602; baseline 0 -21"><span class='ocrx_word' id='word_1_143' title='bbox 73 2529 142 2582; x_wconf 84' lang='grc' dir='ltr'><strong><em>τῶν</em></strong></span> <span class='ocrx_word' id='word_1_144' title='bbox 174 2520 284 2582; x_wconf 89' lang='grc' dir='ltr'><strong><em>ἀλλων</em></strong></span> <span class='ocrx_word' id='word_1_145' title='bbox 317 2514 407 2580; x_wconf 80' lang='grc' dir='ltr'><strong><em>ἐστὶν</em></strong></span> <span class='ocrx_word' id='word_1_146' title='bbox 440 2515 709 2600; x_wconf 86' lang='grc' dir='ltr'><strong><em>ὀλισθηρότερον.</em></strong></span> <span class='ocrx_word' id='word_1_147' title='bbox 763 2516 800 2580; x_wconf 88' lang='grc' dir='ltr'><strong><em>τὸ</em></strong></span> <span class='ocrx_word' id='word_1_148' title='bbox 834 2512 870 2579; x_wconf 82' lang='grc' dir='ltr'><strong><em>δέ</em></strong></span> <span class='ocrx_word' id='word_1_149' title='bbox 904 2515 1085 2602; x_wconf 91' lang='grc' dir='ltr'><strong><em>ὀκτάεδρον</em></strong></span> 
     </span>
     <span class='ocr_line' id='line_1_20' title="bbox 75 2618 1084 2711; baseline -0.001 -23"><span class='ocrx_word' id='word_1_150' title='bbox 75 2634 121 2711; x_wconf 79' lang='grc' dir='ltr'><strong><em>τῷ</em></strong></span> <span class='ocrx_word' id='word_1_151' title='bbox 146 2625 216 2708; x_wconf 86' lang='grc' dir='ltr'><strong><em>ἀέρι</em></strong></span> <span class='ocrx_word' id='word_1_152' title='bbox 240 2622 463 2708; x_wconf 87' lang='grc' dir='ltr'><strong><em>προσένειμεν.</em></strong></span> <span class='ocrx_word' id='word_1_153' title='bbox 508 2625 654 2687; x_wconf 82' lang='grc' dir='ltr'><strong><em>νοείσθω</em></strong></span> <span class='ocrx_word' id='word_1_154' title='bbox 679 2618 715 2686; x_wconf 80' lang='grc' dir='ltr'><strong><em>δέ</em></strong></span> <span class='ocrx_word' id='word_1_155' title='bbox 738 2623 815 2686; x_wconf 88' lang='grc' dir='ltr'><strong><em>τόδε</em></strong></span> <span class='ocrx_word' id='word_1_156' title='bbox 838 2624 875 2687; x_wconf 91' lang='grc' dir='ltr'><strong><em>τὸ</em></strong></span> <span class='ocrx_word' id='word_1_157' title='bbox 899 2632 1006 2706; x_wconf 79' lang='grc' dir='ltr'><strong><em>σχῆμα</em></strong></span> <span class='ocrx_word' id='word_1_158' title='bbox 1025 2623 1084 2687; x_wconf 89' lang='grc' dir='ltr'><strong><em>τὸν</em></strong></span> 
     </span>
     <span class='ocr_line' id='line_1_21' title="bbox 75 2728 1125 2814; baseline 0.001 -21"><span class='ocrx_word' id='word_1_159' title='bbox 75 2733 201 2814; x_wconf 90' lang='grc' dir='ltr'><strong><em>τρόπον</em></strong></span> <span class='ocrx_word' id='word_1_160' title='bbox 224 2738 358 2792; x_wconf 88' lang='grc' dir='ltr'><strong><em>τοῦτον·</em></strong></span> <span class='ocrx_word' id='word_1_161' title='bbox 381 2728 574 2792; x_wconf 87' lang='grc' dir='ltr'><strong><em>ὑποκείσθω</em></strong></span> <span class='ocrx_word' id='word_1_162' title='bbox 598 2750 648 2803; x_wconf 87' lang='grc' dir='ltr'><strong><em>τις</em></strong></span> <span class='ocrx_word' id='word_1_163' title='bbox 669 2729 767 2810; x_wconf 82' lang='grc' dir='ltr'><strong><em>βάσις</em></strong></span> <span class='ocrx_word' id='word_1_164' title='bbox 785 2729 1000 2813; x_wconf 87' lang='grc' dir='ltr'><strong><em>τετράγωνος,</em></strong></span> <span class='ocrx_word' id='word_1_165' title='bbox 1020 2728 1084 2794; x_wconf 88' lang='grc' dir='ltr'><strong><em>ἀπὸ</em></strong></span> <span class='ocrx_word' id='word_1_166' title='bbox 1099 2755 1125 2794; x_wconf 82' lang='grc' dir='ltr'><strong><em>ιο</em></strong></span> 
     </span>
     <span class='ocr_line' id='line_1_22' title="bbox 77 2833 1085 2921; baseline 0 -21"><span class='ocrx_word' id='word_1_167' title='bbox 77 2834 113 2901; x_wconf 75' lang='grc' dir='ltr'><strong><em>δέ</em></strong></span> <span class='ocrx_word' id='word_1_168' title='bbox 143 2847 211 2899; x_wconf 85' lang='grc' dir='ltr'><strong><em>τῶν</em></strong></span> <span class='ocrx_word' id='word_1_169' title='bbox 240 2836 409 2921; x_wconf 88' lang='grc' dir='ltr'><strong><em>τεσσάρων</em></strong></span> <span class='ocrx_word' id='word_1_170' title='bbox 439 2836 560 2917; x_wconf 88' lang='grc' dir='ltr'><strong><em>ταύτης</em></strong></span> <span class='ocrx_word' id='word_1_171' title='bbox 588 2839 743 2919; x_wconf 77' lang='grc' dir='ltr'><strong><em>πλευρῶν</em></strong></span> <span class='ocrx_word' id='word_1_172' title='bbox 769 2833 912 2920; x_wconf 88' lang='grc' dir='ltr'><strong><em>τέσσαρα</em></strong></span> <span class='ocrx_word' id='word_1_173' title='bbox 939 2839 1085 2920; x_wconf 90' lang='grc' dir='ltr'><strong><em>τρίγωνα</em></strong></span> 
     </span>
     <span class='ocr_line' id='line_1_23' title="bbox 75 2939 1084 3026; baseline -0.001 -19"><span class='ocrx_word' id='word_1_174' title='bbox 75 2943 240 3007; x_wconf 88' lang='grc' dir='ltr'><strong><em>ἀνεστάτω</em></strong></span> <span class='ocrx_word' id='word_1_175' title='bbox 278 2940 335 3024; x_wconf 88' lang='grc' dir='ltr'><strong><em>ἀφ’</em></strong></span> <span class='ocrx_word' id='word_1_176' title='bbox 368 2939 504 3024; x_wconf 78' lang='grc' dir='ltr'><strong><em>ἑκάστης</em></strong></span> <span class='ocrx_word' id='word_1_177' title='bbox 541 2941 579 3004; x_wconf 80' lang='grc' dir='ltr'><strong><em>ἔν</em></strong></span> <span class='ocrx_word' id='word_1_178' title='bbox 614 2939 669 3005; x_wconf 81' lang='grc' dir='ltr'><strong><em>καὶ</em></strong></span> <span class='ocrx_word' id='word_1_179' title='bbox 707 2940 892 3006; x_wconf 85' lang='grc' dir='ltr'><strong><em>συννευέτω</em></strong></span> <span class='ocrx_word' id='word_1_180' title='bbox 926 2943 972 3018; x_wconf 85' lang='grc' dir='ltr'><strong><em>εἰς</em></strong></span> <span class='ocrx_word' id='word_1_181' title='bbox 1004 2946 1084 3026; x_wconf 91' lang='grc' dir='ltr'><strong><em>μίαν</em></strong></span> 
     </span>
     <span class='ocr_line' id='line_1_24' title="bbox 75 3045 1083 3133; baseline -0.001 -20"><span class='ocrx_word' id='word_1_182' title='bbox 75 3052 239 3133; x_wconf 77' lang='grc' dir='ltr'><strong><em>κορυφήν,</em></strong></span> <span class='ocrx_word' id='word_1_183' title='bbox 258 3046 430 3112; x_wconf 87' lang='grc' dir='ltr'><strong><em>τουτέστιν</em></strong></span> <span class='ocrx_word' id='word_1_184' title='bbox 449 3049 496 3123; x_wconf 86' lang='grc' dir='ltr'><strong><em>είς</em></strong></span> <span class='ocrx_word' id='word_1_185' title='bbox 514 3047 551 3111; x_wconf 81' lang='grc' dir='ltr'><strong><em>ἔν</em></strong></span> <span class='ocrx_word' id='word_1_186' title='bbox 574 3045 628 3111; x_wconf 79' lang='grc' dir='ltr'><strong><em>καὶ</em></strong></span> <span class='ocrx_word' id='word_1_187' title='bbox 652 3047 751 3111; x_wconf 88' lang='grc' dir='ltr'><strong><em>ταὺτὸ</em></strong></span> <span class='ocrx_word' id='word_1_188' title='bbox 772 3058 921 3131; x_wconf 86' lang='grc' dir='ltr'><strong><em>σημεῖον·</em></strong></span> <span class='ocrx_word' id='word_1_189' title='bbox 945 3049 982 3112; x_wconf 89' lang='grc' dir='ltr'><strong><em>τὸ</em></strong></span> <span class='ocrx_word' id='word_1_190' title='bbox 1002 3048 1083 3113; x_wconf 84' lang='grc' dir='ltr'><strong><em>αὐτὸ</em></strong></span> 
     </span>
     <span class='ocr_line' id='line_1_25' title="bbox 75 3152 1083 3237; baseline 0.001 -19"><span class='ocrx_word' id='word_1_191' title='bbox 75 3152 112 3219; x_wconf 72' lang='grc' dir='ltr'><strong><em>δὲ</em></strong></span> <span class='ocrx_word' id='word_1_192' title='bbox 140 3154 194 3219; x_wconf 78' lang='grc' dir='ltr'><strong><em>καί</em></strong></span> <span class='ocrx_word' id='word_1_193' title='bbox 223 3156 270 3230; x_wconf 81' lang='grc' dir='ltr'><strong><em>εἰς</em></strong></span> <span class='ocrx_word' id='word_1_194' title='bbox 297 3156 337 3218; x_wconf 86' lang='grc' dir='ltr'><strong><em>τὰ</em></strong></span> <span class='ocrx_word' id='word_1_195' title='bbox 365 3153 572 3237; x_wconf 87' lang='grc' dir='ltr'><strong><em>ἀντικείμενα</em></strong></span> <span class='ocrx_word' id='word_1_196' title='bbox 595 3165 652 3236; x_wconf 81' lang='grc' dir='ltr'><strong><em>τῆς</em></strong></span> <span class='ocrx_word' id='word_1_197' title='bbox 675 3155 801 3235; x_wconf 85' lang='grc' dir='ltr'><strong><em>βάσεως</em></strong></span> <span class='ocrx_word' id='word_1_198' title='bbox 823 3158 969 3219; x_wconf 84' lang='grc' dir='ltr'><strong><em>νοείσθω</em></strong></span> <span class='ocrx_word' id='word_1_199' title='bbox 993 3157 1083 3236; x_wconf 89' lang='grc' dir='ltr'><strong><em>γινό-</em></strong></span> 
     </span>
     <span class='ocr_line' id='line_1_26' title="bbox 75 3255 1124 3346; baseline 0.001 -21"><span class='ocrx_word' id='word_1_200' title='bbox 75 3281 189 3346; x_wconf 86' lang='grc' dir='ltr'><strong><em>μενον·</em></strong></span> <span class='ocrx_word' id='word_1_201' title='bbox 227 3263 422 3344; x_wconf 83' lang='grc' dir='ltr'><strong><em>συστήσεται</em></strong></span> <span class='ocrx_word' id='word_1_202' title='bbox 450 3255 513 3325; x_wconf 87' lang='grc' dir='ltr'><strong><em>οὖν</em></strong></span> <span class='ocrx_word' id='word_1_203' title='bbox 541 3260 577 3324; x_wconf 86' lang='grc' dir='ltr'><strong><em>ἔκ</em></strong></span> <span class='ocrx_word' id='word_1_204' title='bbox 604 3261 732 3324; x_wconf 88' lang='grc' dir='ltr'><strong><em>τούτων</em></strong></span> <span class='ocrx_word' id='word_1_205' title='bbox 763 3271 869 3344; x_wconf 77' lang='grc' dir='ltr'><strong><em>σχῆμα</em></strong></span> <span class='ocrx_word' id='word_1_206' title='bbox 893 3261 1027 3346; x_wconf 89' lang='grc' dir='ltr'><strong><em>στερεὸν</em></strong></span> <span class='ocrx_word' id='word_1_207' title='bbox 1051 3258 1082 3337; x_wconf 80' lang='grc' dir='ltr'><strong><em>ἐξ</em></strong></span> <span class='ocrx_word' id='word_1_208' title='bbox 1097 3285 1124 3326; x_wconf 80' lang='grc' dir='ltr'><strong><em>ετ</em></strong></span> 
     </span>
     <span class='ocr_line' id='line_1_27' title="bbox 77 3364 1083 3451; baseline -0.001 -19"><span class='ocrx_word' id='word_1_209' title='bbox 77 3369 160 3432; x_wconf 86' lang='grc' dir='ltr'><strong><em>ὀκτὼ</em></strong></span> <span class='ocrx_word' id='word_1_210' title='bbox 184 3369 357 3451; x_wconf 85' lang='grc' dir='ltr'><strong><em>τριγώνων</em></strong></span> <span class='ocrx_word' id='word_1_211' title='bbox 380 3371 609 3450; x_wconf 88' lang='grc' dir='ltr'><strong><em>συγκείμενον,</em></strong></span> <span class='ocrx_word' id='word_1_212' title='bbox 632 3368 714 3450; x_wconf 79' lang='grc' dir='ltr'><strong><em>άπερ</em></strong></span> <span class='ocrx_word' id='word_1_213' title='bbox 738 3368 819 3430; x_wconf 83' lang='grc' dir='ltr'><strong><em>κατὰ</em></strong></span> <span class='ocrx_word' id='word_1_214' title='bbox 842 3364 903 3450; x_wconf 73' lang='grc' dir='ltr'><strong><em>μὲν</em></strong></span> <span class='ocrx_word' id='word_1_215' title='bbox 924 3365 962 3430; x_wconf 89' lang='grc' dir='ltr'><strong><em>τὸ</em></strong></span> <span class='ocrx_word' id='word_1_216' title='bbox 982 3366 1083 3450; x_wconf 89' lang='grc' dir='ltr'><strong><em>μέσον</em></strong></span> 
     </span>
     <span class='ocr_line' id='line_1_28' title="bbox 75 3472 1082 3557; baseline -0.001 -19"><span class='ocrx_word' id='word_1_217' title='bbox 75 3474 324 3557; x_wconf 82' lang='grc' dir='ltr'><strong><em>ἐφαρμοζούσας</em></strong></span> <span class='ocrx_word' id='word_1_218' title='bbox 348 3472 504 3556; x_wconf 74' lang='grc' dir='ltr'><strong><em>ἀλλήλαις</em></strong></span> <span class='ocrx_word' id='word_1_219' title='bbox 528 3476 639 3557; x_wconf 85' lang='grc' dir='ltr'><strong><em>ἔχουσι</em></strong></span> <span class='ocrx_word' id='word_1_220' title='bbox 663 3473 720 3548; x_wconf 82' lang='grc' dir='ltr'><strong><em>τὰς</em></strong></span> <span class='ocrx_word' id='word_1_221' title='bbox 740 3473 854 3554; x_wconf 81' lang='grc' dir='ltr'><strong><em>βάσεις</em></strong></span> <span class='ocrx_word' id='word_1_222' title='bbox 872 3474 911 3536; x_wconf 88' lang='grc' dir='ltr'><strong><em>τά</em></strong></span> <span class='ocrx_word' id='word_1_223' title='bbox 929 3473 1082 3538; x_wconf 84' lang='grc' dir='ltr'><strong><em>ὑποκάτω</em></strong></span> 
     </span>
     <span class='ocr_line' id='line_1_29' title="bbox 75 3575 1083 3664; baseline 0 -21"><span class='ocrx_word' id='word_1_224' title='bbox 75 3586 219 3664; x_wconf 87' lang='grc' dir='ltr'><strong><em>τρίγωνα</em></strong></span> <span class='ocrx_word' id='word_1_225' title='bbox 247 3591 316 3656; x_wconf 82' lang='grc' dir='ltr'><strong><em>τοῖς</em></strong></span> <span class='ocrx_word' id='word_1_226' title='bbox 344 3581 428 3659; x_wconf 84' lang='grc' dir='ltr'><strong><em>ἀνω,</em></strong></span> <span class='ocrx_word' id='word_1_227' title='bbox 455 3580 537 3642; x_wconf 85' lang='grc' dir='ltr'><strong><em>κατὰ</em></strong></span> <span class='ocrx_word' id='word_1_228' title='bbox 566 3575 601 3643; x_wconf 72' lang='grc' dir='ltr'><strong><em>δὲ</em></strong></span> <span class='ocrx_word' id='word_1_229' title='bbox 630 3581 669 3642; x_wconf 89' lang='grc' dir='ltr'><strong><em>τά</em></strong></span> <span class='ocrx_word' id='word_1_230' title='bbox 696 3577 820 3663; x_wconf 89' lang='grc' dir='ltr'><strong><em>πέρατα</em></strong></span> <span class='ocrx_word' id='word_1_231' title='bbox 847 3580 904 3655; x_wconf 85' lang='grc' dir='ltr'><strong><em>τάς</em></strong></span> <span class='ocrx_word' id='word_1_232' title='bbox 931 3581 1083 3663; x_wconf 81' lang='grc' dir='ltr'><strong><em>κορυφάς</em></strong></span> 
     </span>
    </p>
   </div>
   <div class='ocr_carea' id='block_1_4' title="bbox 71 3839 1136 3983">
    <p class='ocr_par' dir='ltr' id='par_1_4' title="bbox 71 3839 1136 3983">
     <span class='ocr_line' id='line_1_30' title="bbox 148 3839 998 3913; baseline -0.011 -17"><span class='ocrx_word' id='word_1_233' title='bbox 148 3850 188 3896; x_wconf 80' lang='grc'><strong><em>16.</em></strong></span> <span class='ocrx_word' id='word_1_234' title='bbox 208 3843 322 3913; x_wconf 54' lang='lat' dir='ltr'><strong><em>‚neplah</em></strong></span> <span class='ocrx_word' id='word_1_235' title='bbox 342 3859 374 3896; x_wconf 84' lang='lat' dir='ltr'><strong><em>ex</em></strong></span> <span class='ocrx_word' id='word_1_236' title='bbox 392 3863 424 3910; x_wconf 90' lang='grc' dir='ltr'><strong><em>η,</em></strong></span> <span class='ocrx_word' id='word_1_237' title='bbox 443 3842 471 3895; x_wconf 88' lang='lat' dir='ltr'><strong>M</strong></span> <span class='ocrx_word' id='word_1_238' title='bbox 561 3843 828 3913; x_wconf 46' lang='grc' dir='ltr'><strong><em>ϊσοπεριμετρηωνΧ,</em></strong></span> <span class='ocrx_word' id='word_1_239' title='bbox 844 3858 884 3893; x_wconf 50' lang='grc' dir='ltr'><strong><em>υτ</em></strong></span> <span class='ocrx_word' id='word_1_240' title='bbox 899 3839 998 3901; x_wconf 49' lang='grc' dir='ltr'><strong><em>οοΑΧ</em></strong></span> 
     </span>
     <span class='ocr_line' id='line_1_31' title="bbox 71 3892 1136 3983; baseline 0.001 -19"><span class='ocrx_word' id='word_1_241' title='bbox 71 3920 110 3966; x_wconf 80' lang='lat'><strong><em>19.</em></strong></span> <span class='ocrx_word' id='word_1_242' title='bbox 133 3918 247 3967; x_wconf 75' lang='grc' dir='ltr'><strong><em>τοειισο</em></strong></span> <span class='ocrx_word' id='word_1_243' title='bbox 266 3913 298 3965; x_wconf 86' lang='grc' dir='ltr'><strong>Μ</strong></span> <span class='ocrx_word' id='word_1_244' title='bbox 407 3920 450 3970; x_wconf 79' lang='lat'><strong><em>20.</em></strong></span> <span class='ocrx_word' id='word_1_245' title='bbox 470 3934 599 3983; x_wconf 78' lang='grc' dir='ltr'><strong><em>ιρινπον</em></strong></span> <span class='ocrx_word' id='word_1_246' title='bbox 616 3915 652 3969; x_wconf 68' lang='lat' dir='ltr'>M</span> <span class='ocrx_word' id='word_1_247' title='bbox 760 3892 1136 3975; x_wconf 41' lang='grc' dir='ltr'><strong><em>οικεχοονοοεεώ</em></strong></span> 
     </span>
    </p>
   </div>
   <div class='ocr_carea' id='block_1_5' title="bbox 0 0 1202 4208">
    <p class='ocr_par' dir='ltr' id='par_1_5' title="bbox 0 0 1202 4208">
     <span class='ocr_line' id='line_1_32' title="bbox 0 0 1202 4208; baseline 0 0"><span class='ocrx_word' id='word_1_248' title='bbox 0 0 1202 4208; x_wconf 95' lang='lat' dir='ltr'><strong><em> </em></strong></span> 
     </span>
    </p>
   </div>
  </div>
 </body>
</html>
