2394 4208
30 39 848 325 m

73 556 138 610 xm
155 559 201 629 ιτ]
345 558 393 611 ου
412 556 668 612 mmmmm
686 557 809 613 ωτωοῑ
1022 558 1087 623 529
1146 537 1149 545 ’

143 719 197 798 ζί.
223 719 291 785 Ὅτι
321 717 356 785 δὲ
386 719 458 784 οὐδ’
482 716 571 785 εἷναί
595 743 627 784 τι
654 722 743 807 παρὰ
765 722 805 785 τά
827 719 963 806 τέτταρα
985 729 1089 784 ταῦτα

72 826 205 890 άπλοῦν
228 838 321 911 σῶμα
344 826 542 911 ἐνδέχεσθαί
562 844 666 911 φησιν
689 827 706 892 ό
732 829 884 911 Πλάτων,
907 827 1013 891 αὐτοῦ
1036 826 1087 892 λε’-

74 956 194 1014 γοντος
222 931 347 1009 ἔξεστιν
375 933 524 998 ἀκούειν·
561 932 666 1017 φησὶν
688 935 750 1020 γάρ
774 935 875 998 πάλιν
898 932 935 997 έν
962 937 1087 1021 Τιμαίῳ

73 1047 178 1102 ταῦτα
206 1038 269 1103 ’δεῖ
297 1041 338 1123 δὴ
366 1038 485 1122 λέγειν,
513 1048 593 1103 ποῖα
619 1040 777 1104 κάλλιστα
803 1040 936 1122 σώματα
961 1037 1082 1123 γένοιτ’

74 1144 118 1208 δν
141 1143 292 1230 τέτταρα,
317 1145 456 1228 άνόμοια
479 1141 540 1228 μέν
565 1141 709 1228 ἑαυτοῖς,
728 1145 855 1208 δυνατά
878 1140 914 1209 δὲ
938 1143 970 1222 ἐξ
990 1145 1087 1230 άλλη·
1114 1172 1128 1214 ι

76 1256 145 1314 λων
177 1251 288 1315 αὐτῶν
320 1253 400 1315 όίττα
432 1252 633 1334 διαλυόμενα
663 1254 833 1333 γίνεσθαι·
874 1251 995 1315 τούτου
1023 1252 1086 1336 γάρ

75 1361 231 1441 τυχόντες
255 1360 372 1441 ἔχομεν
394 1357 456 1439 τὴν
479 1356 641 1440 ἀληθειαν
664 1354 822 1438 γενέσεως
850 1356 926 1442 πέρι
949 1367 1009 1440 γῆς
1031 1355 1087 1421 καί

73 1465 182 1548 πυρὸς
213 1474 280 1527 τῶν
309 1486 342 1527 τε
374 1462 541 1545 ἀνάλογον
571 1460 607 1526 ἐν
634 1462 735 1549 μέσφ’
776 1462 853 1526 τόδε
881 1463 943 1549 γάρ
972 1462 1087 1528 οὐδενί

74 1573 370 1655 συγχωρησόμεθα,
389 1572 512 1633 καλλίω
531 1570 659 1632 τούτων
678 1567 830 1653 δρώμενα
849 1568 982 1650 σώματα
1001 1564 1090 1634 εἶναί

74 1700 141 1741 που
164 1678 246 1740 κατὰ
269 1676 306 1739 ἓν
329 1673 469 1757 <γένος>
493 1673 633 1738 ἕκαστον
656 1676 704 1738 όν.
750 1683 849 1738 τοῦτο
873 1667 936 1738 οὖν
956 1681 1086 1760 προθυ-
1101 1704 1127 1743 ιο

73 1781 206 1867 μητέον,
234 1784 274 1846 τά
305 1779 509 1867 διαφέροντα
531 1782 642 1845 κάλλει
666 1782 826 1864 σωμάτων
848 1780 985 1866 τέτταρα
1008 1781 1086 1865 γένη

75 1888 348 1974 ξυναρμόσασθαι
381 1886 436 1952 καὶ
469 1889 573 1971 φάναι
604 1889 666 1970 την
701 1888 830 1951 τούτων
865 1887 950 1970 ἡμᾶς
982 1889 1088 1971 φύσιν

76 1998 198 2071 ἱκανῶς
222 1995 413 2079 εἰληφέναί.
455 1995 484 2058 εί
508 1988 571 2058 οὖν
592 1995 714 2077 μηδενί
734 2010 837 2077 φησιν
860 2004 1046 2079 συγχωρεῖν
1068 1993 1086 2058 ὁ

78 2104 220 2167 Πλάτων
243 2103 381 2166 κάλλιον
403 2100 513 2183 λέγειν
537 2095 626 2165 εἷναί
645 2121 711 2164 που
735 2111 803 2165 τῶν
826 2101 989 2185 τεττάρων
1011 2102 1087 2165 τού-

74 2233 142 2273 των
173 2220 266 2292 σῶμα
296 2208 425 2272 διπλοῦν
456 2205 569 2293 (τοῦτο
598 2208 660 2291 γὰρ
689 2207 779 2294 αὐτῷ
808 2208 904 2290 δηλοῖ
931 2208 968 2271 τὸ
992 2205 1081 2272 ζκαθ’
1101 2233 1127 2275 ω

74 2317 113 2379 ἓν
141 2315 259 2399 γένος’,
290 2317 346 2378 ἵνα
375 2315 418 2397 μὴ
446 2315 483 2378 τὸ
512 2313 673 2399 οὐράνιόν
703 2337 754 2390 τις
784 2325 876 2398 σῶμα
904 2314 948 2390 ὡς
974 2315 1087 2378 κάλλει

77 2420 240 2506 διαφέρον
276 2433 343 2485 τῶν
379 2423 552 2504 στοιχείων
588 2419 753 2506 προφέρῃ·
799 2430 897 2485 τοῦτο
930 2421 992 2506 γάρ
1026 2420 1087 2505 οὐχ

75 2527 206 2591 ἁπλοῦν
238 2527 321 2592 άλλδι
353 2528 520 2592 σύνθετον
553 2525 588 2590 έκ
620 2538 687 2591 τῶν
716 2527 886 2612 τεσσάρων
915 2530 1087 2611 στοιχείων

74 2632 144 2698 κατ’
174 2635 276 2698 αὐτὸν
304 2632 535 2720 συνέστηκεν),
555 2634 559 2716 l
581 2634 684 2717 δῆλον
708 2633 743 2698 ἐκ
765 2634 893 2698 τούτων
916 2629 1006 2717 οἶμαι
1029 2650 1068 2690 101.
1077 2652 1139 2692 nor.

74 2744 190 2824 παντί,
214 2741 258 2817 ὡς
282 2740 322 2805 οὐ
346 2744 451 2824 μόνον
474 2739 615 2826 τέσσαρα
638 2738 692 2804 καὶ
716 2742 821 2824 μόνον
845 2736 930 2805 εἶναι
954 2741 1127 2824 σώματανο

76 2848 130 2930 τά,
162 2845 194 2923 ἐξ
224 2841 272 2912 ὧν
301 2857 364 2923 πᾶς
393 2846 562 2930 δκόσμος
590 2845 800 2930 συνέστηκεν,
827 2848 983 2929 βούλεται
1011 2845 1081 2911 ἀλλ’

74 2951 180 3017 οἱονεὶ
208 2952 263 3017 καί
290 2963 454 3036 μαντικῶς
481 2951 712 3037 προανῄρηκεν
739 2955 800 3036 τὴν
826 2951 881 3017 ὑπ’
906 2951 1085 3037 Ἀριστοτέ-

75 3064 156 3135 λους
177 3066 223 3147 τῷ
242 3058 340 3123 παντὶ
359 3059 546 3143 μέλλουσαν
564 3068 624 3124 τοῦ
643 3058 792 3143 πέμπτου
812 3061 961 3143 σώματος
980 3058 1085 3125 ἐπεισ-

73 3167 216 3248 άγεσθαι
244 3168 357 3250 φύσιν.
410 3167 491 3250 τάχα
519 3164 548 3229 δ
576 3167 618 3230 άν
645 3190 694 3242 τις
724 3165 948 3252 ἀληθέστερον
980 3168 1086 3231 εἰπεῖν

74 3276 160 3356 ἔχοι,
191 3273 235 3349 ὡς
264 3274 327 3355 ἤδη
358 3281 418 3337 τοῦ
450 3273 539 3337 ίδίου
570 3279 723 3356 μαθητοῦ
753 3276 1021 3357 προαισθόμενος
1049 3272 1125 3339 ἕντο

73 3389 147 3454 ταῖς
175 3387 303 3453 κοιναῖς
331 3369 386 3441 οἷα
413 3383 505 3462 φιλεῖ
533 3382 728 3455 συνουσίαις
755 3377 967 3456 ἀντειπόντος
995 3378 1085 3467 αὐτῷ

75 3484 130 3549 καλ
153 3487 196 3568 μὴ
222 3493 474 3569 συγχωροῦντος
498 3483 623 3548 ἐκτῶν
646 3485 815 3569 τεσσάρων
834 3490 1005 3570 στοιχείων
1026 3487 1085 3550 τὸν

146 3717 170 3765 4.
190 3711 262 3765 plat.
282 3711 351 3765 Tim.
372 3711 433 3766 53ss
530 3716 553 3765 7.
573 3711 670 3782 ἔχομεν
689 3715 721 3781 pt
739 3712 823 3836 ΡΙολη
844 3732 947 3782 εχωμεν
966 3713 994 3765 Μ

74 3789 125 3852 γῆς
142 3801 171 3835 τε
190 3784 237 3836 καλ
257 3782 328 3835 Plat.
411 3790 451 3836 10.
472 3780 552 3853 γένος
570 3782 726 3838 αδδ.·Ρλειῒ.
745 3784 792 3852 (cf.
821 3784 863 3837 in.
880 3790 917 3836 αἳ)
935 3788 1006 3847 mm

75 3859 116 3906 14.
136 3852 249 3906 κάλλιον
264 3855 310 3924 pt}
329 3856 428 3908 καλλιω
447 3855 477 3908 Μ
560 3861 604 3911 21.
625 3853 781 3927 οὓνέστηκε
800 3855 840 3927 QX
856 3844 1123 3916 ουνεοτηκευυτθῶ

139 3928 178 3973 22,
196 3924 365 3995 μαντικίινς]
381 3925 414 3978 Μ

105 4017 216 4058 Ionem
228 4021 391 4065 Pmorom
407 4027 444 4067 ed.
460 4028 555 4074 Baba.
942 4010 990 4057 Ἃ
