2394 4208
64 556 104 611 ΙΧ
119 558 165 629 11]
332 556 382 611 ΒΕ
400 557 657 613 AETERNITA'I'E
674 557 795 613 MVNDI
1009 559 1074 624 355

65 730 126 803 κης
154 721 326 804 δυνάμεως
353 718 409 786 καὶ
435 728 494 805 τῆς
520 719 696 804 αὐξητικῆς
722 723 929 807 τρεφόμενόν
955 744 991 786 τε
1019 720 1075 787 καὶ

67 824 305 910 αὐξανόμενον.
351 827 380 890 εἰ
406 822 469 909 μὲν
497 819 560 890 οὖν
586 821 692 910 μηδὲν
719 832 769 910 είη
792 826 829 890 τὸ
853 826 1074 911 ὑποκείμενον

63 936 273 1018 τρεφόμενον
300 931 354 997 καὶ
382 931 581 1016 αὐξόμενον,
609 928 689 997 οὐδὲ
712 932 812 1010 αύτάς
835 927 922 997 εἶναι
945 932 1073 1018 ἐνδέχε-

63 1060 131 1106 ται·
167 1051 235 1104 τῶν
259 1038 264 1126 Ι
288 1041 372 1125 πρός
393 1062 426 1103 τι
449 1040 512 1124 γάρ
536 1040 632 1122 εἰσιν,
660 1040 704 1116 ὡς
732 1045 872 1124 είρηται·
909 1040 993 1125 πρὸς
1014 1056 1055 1096 101·
1066 1059 1127 1099 ιλιι.

64 1151 190 1231 ἀλληλα
218 1147 280 1232 γὰρ
308 1144 364 1210 καὶ
392 1149 482 1211 ἔστιν
509 1144 564 1210 καὶ
592 1143 720 1229 λέγεται
747 1147 784 1210 τὸ
808 1145 935 1231 τρέφον
957 1144 1012 1210 καὶ
1035 1147 1072 1211 τὸ
1102 1172 1115 1214 ι

63 1256 273 1338 τρεφόμενον
302 1249 358 1317 καί
387 1251 424 1315 τὸ
455 1245 558 1327 αὐξον
587 1250 642 1316 καὶ
671 1252 708 1315 τὸ
737 1249 930 1336 αὐξόμενον.
976 1254 1006 1317 εἰ
1037 1250 1074 1318 ἀὲ

64 1367 131 1444 εἴη,
160 1359 272 1442 ἐπειδὴ
294 1368 362 1423 πᾶν
384 1358 421 1422 τὸ
445 1358 653 1442 τρεφόμενον
675 1356 731 1422 καὶ
755 1355 939 1442 αὐξόμενον
962 1365 1073 1444 φθαρ-

62 1470 124 1531 τόν
147 1465 248 1549 ἐστιν,
270 1465 403 1529 κάκεῖνο
422 1464 460 1528 τὸ
480 1474 573 1547 σῶμα
591 1464 748 1548 φθαρτὸν
766 1466 870 1528 ἔσται·
894 1468 941 1543 ελς
959 1471 994 1531 τί
1011 1461 1074 1532 οὐν

62 1574 165 1637 κάλιν
195 1572 216 1655 ἡ
248 1571 366 1655 ὁλότης
397 1581 455 1655 τῆς
486 1576 668 1655 θρεπτικῆς
695 1569 872 1634 ἀναλύεται
901 1571 1073 1656 δυνάμεως

62 1687 124 1743 τοῦ
147 1676 368 1761 ὑποκειμένου
392 1677 494 1760 αὐτῆς
517 1674 761 1762 φθειρομένους
799 1676 828 1740 εί
857 1672 893 1741 ἀὲ
917 1681 1074 1764 φθαρτὸν
1088 1708 1114 1746 ιο

61 1785 82 1869 ἡ
112 1785 244 1868 ὁλότης,
271 1782 326 1848 καὶ
353 1785 391 1848 τὸ
419 1782 519 1869 μέρος
549 1782 581 1860 ἐξ
612 1782 756 1866 ἀνάγκης
784 1783 941 1869 φθαρτὸν
968 1787 1073 1849 ἔσται·

61 1901 132 1968 πῶς
160 1889 187 1955 δ’
217 1892 259 1955 ἀν
286 1913 336 1967 τις
364 1889 572 1973 ἐπινοήσειεν
599 1891 711 1966 εἴδους
739 1890 861 1974 σαρκὸς
890 1889 1072 1975 ὁλότηταῆ

62 1997 165 2062 ὀστοῦ
196 1996 216 2079 ἢ
248 1998 384 2080 φλεβός;
420 1999 497 2060 τίνα
526 1991 563 2061 ἀὲ
593 1998 791 2079 λευκότητος
817 1994 837 2078 ἢ
868 1996 1072 2080 μελανίαςῆ

61 2105 280 2187 γλυκύτητος;
312 2106 363 2179 τίς
386 2100 418 2166 δ’
439 2101 482 2166 ἀν
504 2107 554 2184 εἴη
581 2103 747 2189 τριγώνου
771 2101 889 2185 ὁλότης
916 2100 937 2184 ἢ
965 2102 1072 2184 κύβου

60 2209 81 2291 ἢ
115 2209 199 2285 ὅλως
231 2213 408 2294 σηηματος;
445 2210 474 2273 εί
504 2208 566 2294 γὰρ
598 2210 690 2272 ἔστιν
719 2207 837 2292 ὁλότης
865 2210 1071 2293 λευκότητος,
1086 2236 1111 2278 ιι

63 2319 155 2381 ἔσται
178 2339 228 2392 τις
251 2314 306 2381 καὶ
325 2315 443 2398 ὁλότης
460 2319 583 2379 λευκοῦ
602 2316 766 2398 σώματος,
785 2312 840 2379 καὶ
859 2313 912 2379 ἐπὶ
932 2313 1071 2380 ἑκάστου

61 2422 174 2499 είάους
202 2423 366 2498 ὡσαύτως.
412 2421 639 2486 δεικνύτωσαν
666 2415 729 2486 οὐν
750 2420 841 2505 ἡμίν,
864 2424 914 2498 τίς
938 2420 1070 2505 ἐστινὴ

61 2528 180 2610 ὁλότης
207 2537 267 2592 τοῦ
295 2532 417 2593 λευκοῦ
446 2528 595 2610 σώματος
622 2525 642 2610 ἣ
670 2525 812 2611 μέλανος
839 2525 859 2610 ἣ
888 2527 1069 2611 γλυκεόςῆ

60 2635 227 2718 τριγώνου
257 2632 278 2716 ἢ
310 2644 377 2698 τῶν
409 2635 519 2698 ἀλλων
551 2634 655 2709 τινός·
693 2633 722 2697 εί
754 2633 817 2718 γὰρ
844 2631 1070 2717 κεαοιωμίναι

60 2739 147 2805 εἰσὶν
170 2741 203 2804 αὶ
226 2748 376 2805 τοιαῦται
400 2739 567 2822 ὁλότητες,
591 2745 682 2825 είκερ
700 2736 872 2822 ποιότητίς
891 2740 978 2804 εἰσιν
996 2744 1069 2805 λευ-
1084 2767 1110 2808 ιο

61 2845 238 2930 κότηςικαὶ
261 2849 400 2930 μελανία
423 2845 478 2911 καί
500 2848 541 2911 τὰ
562 2846 677 2928 λοιιτά,
700 2843 755 2910 καὶ
779 2846 923 2928 αἰσθητὰ
940 2847 1070 2925 πάντας

64 2955 159 3018 είσίυ.
204 2963 274 3030 πῶς
304 2948 367 3018 οὐν
397 2953 537 3030 οὐάενὸς
565 2954 721 3018 τοιούτου
751 2954 901 3035 σώματος
931 2951 1070 3038 οὐδεμία

62 3070 131 3122 τῶν
158 3061 347 3145 αἰσθήσεων
376 3059 666 3144 ἀντιλαμβάνεταις
697 3062 804 3124 καίτοι
828 3069 894 3122 τῶν
917 3058 980 3123 ἀπὸ
1009 3069 1070 3144 γῆς

61 3166 221 3249 σωμάτων
248 3165 349 3253 (λέγω
378 3168 419 3252 δη
449 3167 605 3251 ὁλότητος
628 3171 750 3231 λευκοῦ
774 3167 923 3249 σώματος
946 3165 966 3248 ἢ
990 3171 1069 3250 γλυ-

58 3271 134 3349 κέος
160 3271 180 3356 ἢ
209 3275 330 3359 σαρκὸς
357 3271 377 3356 ἦ
405 3283 473 3338 τῶν
495 3274 606 3337 ἀλλων
628 3269 733 3358 τινός)
763 3273 844 3337 κατὰ
866 3272 904 3336 τὸ
928 3268 1063 3356 συνεχὲς
1078 3299 1103 3341 ιι

57 3379 152 3464 μέχρι
180 3389 238 3462 τῆς
267 3379 434 3456 ἀπλανοῦς
465 3378 778 3463 ἀντιλαμβανόμεθα
807 3376 851 3443 δι’
880 3379 1066 3462 αἰσθήσεως

57 3498 125 3551 τῶν
155 3486 267 3551 αὐτῶν
295 3485 350 3550 καὶ
380 3485 417 3550 ἐν
448 3493 494 3573 τῷ
527 3484 625 3574 ἑτέρῳ
658 3484 862 3572 ἡμισφαιρίῳ
893 3486 1001 3549 ὄντων
1033 3484 1066 3562 ἐξ

129 3721 153 3769 2.
175 3715 212 3786 [ει
230 3714 532 3838 μεν-ῦαορρειμενον
550 3712 579 3765 Μ
650 3720 676 3767 4.
695 3711 815 3781 είρηταιε
835 3712 869 3767 cf.
884 3729 948 3783 pag.
960 3719 1020 3782 354,
1031 3719 1065 3767 25

130 3792 170 3839 19.
191 3803 375 3852 τετοιομεναι
521 3790 563 3838 20.
578 3789 620 3840 21.
639 3787 801 3852 λευκότητος
818 3784 849 3836 Μ
867 3789 917 3855 (et.
933 3789 980 3853 §Q

58 3861 100 3910 23.
120 3857 316 3926 αισθησενηνλ,
336 3872 369 3910 ex
387 3876 413 3924 ς,
437 3856 467 3910 Μ
576 3861 619 3912 24.
634 3861 678 3912 25.
698 3855 791 3912 wetha.
805 3853 880 3928 λὲηο)
899 3852 1091 3923 δύη-ἀλλων

54 3925 128 3987 τινός
143 3926 205 3978 [ατί.
222 3929 290 3993 post
308 3932 344 3980 22
361 3929 491 3999 σώματος
507 3931 649 4002 ponenda

896 4014 956 4071 ‘23'
