<?xml version="1.0" encoding="UTF-8"?>
<!DOCTYPE html PUBLIC "-//W3C//DTD XHTML 1.0 Transitional//EN"
    "http://www.w3.org/TR/xhtml1/DTD/xhtml1-transitional.dtd">
<html xmlns="http://www.w3.org/1999/xhtml" xml:lang="en" lang="en">
 <head>
  <title>
</title>
<meta http-equiv="Content-Type" content="text/html;charset=utf-8" />
  <meta name='ocr-system' content='tesseract 3.04.00' />
  <meta name='ocr-capabilities' content='ocr_page ocr_carea ocr_par ocr_line ocrx_word'/>
</head>
<body>
  <div class='ocr_page' id='page_1' title='image "./ioannesphilopon00philgoog_0186.png"; bbox 0 0 2394 4208; ppageno 0'>
   <div class='ocr_carea' id='block_1_1' title="bbox 10 29 896 335">
    <p class='ocr_par' dir='ltr' id='par_1_1' title="bbox 10 29 896 335">
     <span class='ocr_line' id='line_1_1' title="bbox 852 30 896 59; baseline 0 0"><span class='ocrx_word' id='word_1_1' title='bbox 852 30 896 59; x_wconf 77' lang='grc'><em>’1</em></span> 
     </span>
     <span class='ocr_line' id='line_1_2' title="bbox 10 29 896 335; baseline -0.006 -1"><span class='ocrx_word' id='word_1_2' title='bbox 10 29 896 335; x_wconf 41' lang='grc' dir='ltr'><em>-ἰΙ</em></span> 
     </span>
    </p>
   </div>
   <div class='ocr_carea' id='block_1_2' title="bbox 55 565 1072 640">
    <p class='ocr_par' dir='ltr' id='par_1_2' title="bbox 55 565 1072 640">
     <span class='ocr_line' id='line_1_3' title="bbox 55 565 1072 640; baseline 0.011 -17"><span class='ocrx_word' id='word_1_3' title='bbox 55 567 99 623; x_wconf 81' lang='lat' dir='ltr'><em>vl</em></span> <span class='ocrx_word' id='word_1_4' title='bbox 114 572 155 625; x_wconf 80' lang='grc' dir='ltr'><em>ιο.</em></span> <span class='ocrx_word' id='word_1_5' title='bbox 172 568 218 640; x_wconf 80' lang='grc' dir='ltr'><em>ιι]</em></span> <span class='ocrx_word' id='word_1_6' title='bbox 335 566 384 621; x_wconf 82' lang='lat' dir='ltr'><em>DE</em></span> <span class='ocrx_word' id='word_1_7' title='bbox 401 565 660 622; x_wconf 70' lang='lat' dir='ltr'>AETERNITATE</span> <span class='ocrx_word' id='word_1_8' title='bbox 678 567 801 624; x_wconf 75' lang='lat' dir='ltr'><strong>MVNDI</strong></span> <span class='ocrx_word' id='word_1_9' title='bbox 1009 569 1072 634; x_wconf 73' lang='lat'><em>171</em></span> 
     </span>
    </p>
   </div>
   <div class='ocr_carea' id='block_1_3' title="bbox 52 726 1128 3480">
    <p class='ocr_par' dir='ltr' id='par_1_3' title="bbox 52 726 1128 3480">
     <span class='ocr_line' id='line_1_4' title="bbox 55 726 1074 817; baseline 0.001 -22"><span class='ocrx_word' id='word_1_10' title='bbox 55 735 159 795; x_wconf 86' lang='grc' dir='ltr'><em>τοῦτο</em></span> <span class='ocrx_word' id='word_1_11' title='bbox 188 728 218 794; x_wconf 73' lang='grc' dir='ltr'><em>δ’</em></span> <span class='ocrx_word' id='word_1_12' title='bbox 245 729 326 815; x_wconf 80' lang='grc' dir='ltr'><em>ἡμῖν</em></span> <span class='ocrx_word' id='word_1_13' title='bbox 354 731 590 817; x_wconf 80' lang='grc' dir='ltr'><em>ὃιειίηλεγκται.</em></span> <span class='ocrx_word' id='word_1_14' title='bbox 637 730 687 796; x_wconf 85' lang='grc' dir='ltr'><em>ὄτι</em></span> <span class='ocrx_word' id='word_1_15' title='bbox 716 727 753 797; x_wconf 73' lang='grc' dir='ltr'><em>δὲ</em></span> <span class='ocrx_word' id='word_1_16' title='bbox 781 726 862 796; x_wconf 69' lang='grc' dir='ltr'><em>οὐδὲ</em></span> <span class='ocrx_word' id='word_1_17' title='bbox 886 732 923 797; x_wconf 88' lang='grc' dir='ltr'><em>τὸ</em></span> <span class='ocrx_word' id='word_1_18' title='bbox 946 754 1074 816; x_wconf 88' lang='grc' dir='ltr'><em>ποιητι-</em></span> 
     </span>
     <span class='ocr_line' id='line_1_5' title="bbox 57 836 1075 924; baseline 0.001 -22"><span class='ocrx_word' id='word_1_19' title='bbox 57 837 121 902; x_wconf 92' lang='grc' dir='ltr'><em>κὸν</em></span> <span class='ocrx_word' id='word_1_20' title='bbox 144 843 255 902; x_wconf 76' lang='grc' dir='ltr'><em>αἴτιον</em></span> <span class='ocrx_word' id='word_1_21' title='bbox 277 847 371 903; x_wconf 82' lang='grc' dir='ltr'><em>νοεῖν</em></span> <span class='ocrx_word' id='word_1_22' title='bbox 395 836 542 903; x_wconf 78' lang='grc' dir='ltr'><em>ἐνταῦθα</em></span> <span class='ocrx_word' id='word_1_23' title='bbox 564 839 625 922; x_wconf 79' lang='grc' dir='ltr'><em>τὴν</em></span> <span class='ocrx_word' id='word_1_24' title='bbox 651 837 755 924; x_wconf 79' lang='grc' dir='ltr'><em>ἀρχὴν</em></span> <span class='ocrx_word' id='word_1_25' title='bbox 783 839 942 922; x_wconf 77' lang='grc' dir='ltr'><em>δυνατόν,</em></span> <span class='ocrx_word' id='word_1_26' title='bbox 970 840 1075 923; x_wconf 78' lang='grc' dir='ltr'><em>δῆλον</em></span> 
     </span>
     <span class='ocr_line' id='line_1_6' title="bbox 55 942 1073 1032; baseline 0.003 -24"><span class='ocrx_word' id='word_1_27' title='bbox 55 945 162 1009; x_wconf 80' lang='grc' dir='ltr'><em>πάλιν</em></span> <span class='ocrx_word' id='word_1_28' title='bbox 185 943 221 1009; x_wconf 78' lang='grc' dir='ltr'><em>ἐκ</em></span> <span class='ocrx_word' id='word_1_29' title='bbox 243 956 311 1009; x_wconf 92' lang='grc' dir='ltr'><em>τῶν</em></span> <span class='ocrx_word' id='word_1_30' title='bbox 334 942 384 1009; x_wconf 87' lang='grc' dir='ltr'><em>άεί</em></span> <span class='ocrx_word' id='word_1_31' title='bbox 408 947 516 1010; x_wconf 85' lang='grc' dir='ltr'><em>ὄντων</em></span> <span class='ocrx_word' id='word_1_32' title='bbox 533 943 588 1010; x_wconf 93' lang='grc' dir='ltr'><em>καί</em></span> <span class='ocrx_word' id='word_1_33' title='bbox 607 946 651 1029; x_wconf 80' lang='grc' dir='ltr'><em>μὴ</em></span> <span class='ocrx_word' id='word_1_34' title='bbox 670 943 871 1030; x_wconf 77' lang='grc' dir='ltr'><em>γινομένων·</em></span> <span class='ocrx_word' id='word_1_35' title='bbox 889 954 992 1011; x_wconf 87' lang='grc' dir='ltr'><em>ταῦτα</em></span> <span class='ocrx_word' id='word_1_36' title='bbox 1012 946 1073 1032; x_wconf 87' lang='grc' dir='ltr'><em>γάρ</em></span> 
     </span>
     <span class='ocr_line' id='line_1_7' title="bbox 57 1050 1073 1137; baseline 0.001 -21"><span class='ocrx_word' id='word_1_37' title='bbox 57 1070 167 1136; x_wconf 83' lang='grc' dir='ltr'><em>φησιν</em></span> <span class='ocrx_word' id='word_1_38' title='bbox 195 1050 358 1136; x_wconf 74' lang='grc' dir='ltr'><em>οὐδεμίαν</em></span> <span class='ocrx_word' id='word_1_39' title='bbox 385 1054 473 1136; x_wconf 80' lang='grc' dir='ltr'><em>ἔχειν</em></span> <span class='ocrx_word' id='word_1_40' title='bbox 498 1050 656 1134; x_wconf 90' lang='grc' dir='ltr'><em>γενέσεως</em></span> <span class='ocrx_word' id='word_1_41' title='bbox 678 1051 793 1137; x_wconf 72' lang='grc' dir='ltr'><em>ἀρχήν.</em></span> <span class='ocrx_word' id='word_1_42' title='bbox 840 1054 923 1119; x_wconf 80' lang='grc' dir='ltr'><em>ὥστε</em></span> <span class='ocrx_word' id='word_1_43' title='bbox 947 1054 1073 1137; x_wconf 81' lang='grc' dir='ltr'><em>συμβή-</em></span> 
     </span>
     <span class='ocr_line' id='line_1_8' title="bbox 54 1153 1115 1243; baseline 0 -19"><span class='ocrx_word' id='word_1_44' title='bbox 54 1176 151 1224; x_wconf 88' lang='grc' dir='ltr'><em>σεται</em></span> <span class='ocrx_word' id='word_1_45' title='bbox 175 1153 282 1242; x_wconf 76' lang='grc' dir='ltr'><em>μηδὲν</em></span> <span class='ocrx_word' id='word_1_46' title='bbox 303 1167 371 1222; x_wconf 92' lang='grc' dir='ltr'><em>τῶν</em></span> <span class='ocrx_word' id='word_1_47' title='bbox 393 1168 524 1241; x_wconf 81' lang='grc' dir='ltr'><em>νοητῶν</em></span> <span class='ocrx_word' id='word_1_48' title='bbox 545 1159 722 1241; x_wconf 80' lang='grc' dir='ltr'><em>ποιητικὴν</em></span> <span class='ocrx_word' id='word_1_49' title='bbox 745 1162 855 1223; x_wconf 86' lang='grc' dir='ltr'><em>αἰτίαν</em></span> <span class='ocrx_word' id='word_1_50' title='bbox 878 1161 967 1243; x_wconf 82' lang='grc' dir='ltr'><em>ἔχειν</em></span> <span class='ocrx_word' id='word_1_51' title='bbox 989 1161 1072 1224; x_wconf 79' lang='grc' dir='ltr'><em>κατὰ</em></span> <span class='ocrx_word' id='word_1_52' title='bbox 1101 1184 1115 1224; x_wconf 79' lang='grc' dir='ltr'><em>ι</em></span> 
     </span>
     <span class='ocr_line' id='line_1_9' title="bbox 59 1261 1074 1349; baseline 0.002 -21"><span class='ocrx_word' id='word_1_53' title='bbox 59 1264 242 1347; x_wconf 79' lang='grc' dir='ltr'><em>Πλάτωνα,</em></span> <span class='ocrx_word' id='word_1_54' title='bbox 280 1263 360 1349; x_wconf 82' lang='grc' dir='ltr'><em>ὅπερ</em></span> <span class='ocrx_word' id='word_1_55' title='bbox 397 1261 489 1329; x_wconf 85' lang='grc' dir='ltr'><em>έστίν</em></span> <span class='ocrx_word' id='word_1_56' title='bbox 528 1264 654 1343; x_wconf 77' lang='grc' dir='ltr'><em>ψεῦδος</em></span> <span class='ocrx_word' id='word_1_57' title='bbox 693 1262 749 1329; x_wconf 88' lang='grc' dir='ltr'><em>καί</em></span> <span class='ocrx_word' id='word_1_58' title='bbox 791 1266 898 1342; x_wconf 78' lang='grc' dir='ltr'><em>άλλως</em></span> <span class='ocrx_word' id='word_1_59' title='bbox 935 1266 1074 1330; x_wconf 81' lang='grc' dir='ltr'><em>ἄτοπον·</em></span> 
     </span>
     <span class='ocr_line' id='line_1_10' title="bbox 53 1369 1070 1456; baseline 0.002 -21"><span class='ocrx_word' id='word_1_60' title='bbox 53 1372 187 1448; x_wconf 76' lang='grc' dir='ltr'><em>πολλὰς</em></span> <span class='ocrx_word' id='word_1_61' title='bbox 211 1371 274 1456; x_wconf 82' lang='grc' dir='ltr'><em>γάρ</em></span> <span class='ocrx_word' id='word_1_62' title='bbox 298 1370 404 1448; x_wconf 79' lang='grc' dir='ltr'><em>οὕτως</em></span> <span class='ocrx_word' id='word_1_63' title='bbox 427 1369 529 1456; x_wconf 86' lang='grc' dir='ltr'><em>άρχάς</em></span> <span class='ocrx_word' id='word_1_64' title='bbox 546 1369 602 1436; x_wconf 89' lang='grc' dir='ltr'><em>καί</em></span> <span class='ocrx_word' id='word_1_65' title='bbox 620 1370 661 1436; x_wconf 86' lang='grc' dir='ltr'><em>ού</em></span> <span class='ocrx_word' id='word_1_66' title='bbox 680 1374 761 1455; x_wconf 93' lang='grc' dir='ltr'><em>μίαν</em></span> <span class='ocrx_word' id='word_1_67' title='bbox 779 1372 926 1455; x_wconf 78' lang='grc' dir='ltr'><em>εἰσάγειν</em></span> <span class='ocrx_word' id='word_1_68' title='bbox 945 1371 1070 1456; x_wconf 78' lang='grc' dir='ltr'><em>ἀνάγκη</em></span> 
     </span>
     <span class='ocr_line' id='line_1_11' title="bbox 56 1473 1073 1562; baseline 0.001 -21"><span class='ocrx_word' id='word_1_69' title='bbox 56 1475 115 1542; x_wconf 89' lang='grc' dir='ltr'><em>καί</em></span> <span class='ocrx_word' id='word_1_70' title='bbox 143 1479 320 1562; x_wconf 80' lang='grc' dir='ltr'><em>τοσαύτας,</em></span> <span class='ocrx_word' id='word_1_71' title='bbox 348 1477 410 1543; x_wconf 84' lang='grc' dir='ltr'><em>ὅσα</em></span> <span class='ocrx_word' id='word_1_72' title='bbox 436 1475 492 1542; x_wconf 87' lang='grc' dir='ltr'><em>καί</em></span> <span class='ocrx_word' id='word_1_73' title='bbox 519 1478 560 1542; x_wconf 82' lang='grc' dir='ltr'><em>τά</em></span> <span class='ocrx_word' id='word_1_74' title='bbox 586 1478 701 1561; x_wconf 89' lang='grc' dir='ltr'><em>νοητά·</em></span> <span class='ocrx_word' id='word_1_75' title='bbox 729 1481 810 1561; x_wconf 84' lang='grc' dir='ltr'><em>μίαν</em></span> <span class='ocrx_word' id='word_1_76' title='bbox 837 1475 874 1543; x_wconf 73' lang='grc' dir='ltr'><em>δὲ</em></span> <span class='ocrx_word' id='word_1_77' title='bbox 903 1473 1073 1562; x_wconf 73' lang='grc' dir='ltr'><em>εἶναιτὴν</em></span> 
     </span>
     <span class='ocr_line' id='line_1_12' title="bbox 54 1581 1073 1671; baseline 0.001 -24"><span class='ocrx_word' id='word_1_78' title='bbox 54 1584 195 1648; x_wconf 81' lang='grc' dir='ltr'><em>πάντων</em></span> <span class='ocrx_word' id='word_1_79' title='bbox 226 1582 332 1669; x_wconf 77' lang='grc' dir='ltr'><em>ἀρχὴν</em></span> <span class='ocrx_word' id='word_1_80' title='bbox 363 1584 580 1668; x_wconf 81' lang='grc' dir='ltr'><em>ὡμολόγηται.</em></span> <span class='ocrx_word' id='word_1_81' title='bbox 626 1584 683 1648; x_wconf 78' lang='grc' dir='ltr'><em>διὰ</em></span> <span class='ocrx_word' id='word_1_82' title='bbox 713 1586 749 1648; x_wconf 88' lang='grc' dir='ltr'><em>τί</em></span> <span class='ocrx_word' id='word_1_83' title='bbox 773 1581 811 1649; x_wconf 71' lang='grc' dir='ltr'><em>δὲ</em></span> <span class='ocrx_word' id='word_1_84' title='bbox 837 1585 953 1666; x_wconf 79' lang='grc' dir='ltr'><em>πάλιν,</em></span> <span class='ocrx_word' id='word_1_85' title='bbox 981 1589 1073 1671; x_wconf 87' lang='grc' dir='ltr'><em>εἰπερ</em></span> 
     </span>
     <span class='ocr_line' id='line_1_13' title="bbox 52 1686 1114 1778; baseline 0.003 -24"><span class='ocrx_word' id='word_1_86' title='bbox 52 1699 159 1755; x_wconf 87' lang='grc' dir='ltr'><em>τοῦτο</em></span> <span class='ocrx_word' id='word_1_87' title='bbox 191 1688 293 1773; x_wconf 81' lang='grc' dir='ltr'><em>ἐζήτει</em></span> <span class='ocrx_word' id='word_1_88' title='bbox 325 1689 425 1777; x_wconf 79' lang='grc' dir='ltr'><em>(λέγω</em></span> <span class='ocrx_word' id='word_1_89' title='bbox 454 1691 511 1775; x_wconf 78' lang='grc' dir='ltr'><em>δή,</em></span> <span class='ocrx_word' id='word_1_90' title='bbox 539 1692 569 1756; x_wconf 88' lang='grc' dir='ltr'><em>εἰ</em></span> <span class='ocrx_word' id='word_1_91' title='bbox 597 1689 634 1756; x_wconf 86' lang='grc' dir='ltr'><em>έν</em></span> <span class='ocrx_word' id='word_1_92' title='bbox 660 1698 707 1778; x_wconf 74' lang='grc' dir='ltr'><em>τῷ</em></span> <span class='ocrx_word' id='word_1_93' title='bbox 735 1693 890 1775; x_wconf 75' lang='grc' dir='ltr'><em>γίνεσθαι</em></span> <span class='ocrx_word' id='word_1_94' title='bbox 920 1690 958 1753; x_wconf 90' lang='grc' dir='ltr'><em>τὸ</em></span> <span class='ocrx_word' id='word_1_95' title='bbox 987 1686 1072 1756; x_wconf 90' lang='grc' dir='ltr'><em>εἰναι</em></span> <span class='ocrx_word' id='word_1_96' title='bbox 1088 1717 1114 1757; x_wconf 87' lang='grc' dir='ltr'><em>ιο</em></span> 
     </span>
     <span class='ocr_line' id='line_1_14' title="bbox 58 1792 1073 1884; baseline -0.003 -21"><span class='ocrx_word' id='word_1_97' title='bbox 58 1799 127 1881; x_wconf 77' lang='grc' dir='ltr'><em>ἔχει</em></span> <span class='ocrx_word' id='word_1_98' title='bbox 152 1795 169 1861; x_wconf 87' lang='grc' dir='ltr'>ὁ</span> <span class='ocrx_word' id='word_1_99' title='bbox 193 1795 347 1884; x_wconf 81' lang='grc' dir='ltr'><em>κόσμος),</em></span> <span class='ocrx_word' id='word_1_100' title='bbox 370 1794 534 1881; x_wconf 66' lang='grc' dir='ltr'><em>’γέγονεν’</em></span> <span class='ocrx_word' id='word_1_101' title='bbox 559 1792 652 1862; x_wconf 81' lang='grc' dir='ltr'><em>εἶπεν</em></span> <span class='ocrx_word' id='word_1_102' title='bbox 673 1795 729 1862; x_wconf 88' lang='grc' dir='ltr'><em>καί</em></span> <span class='ocrx_word' id='word_1_103' title='bbox 752 1798 796 1881; x_wconf 79' lang='grc' dir='ltr'><em>μὴ</em></span> <span class='ocrx_word' id='word_1_104' title='bbox 820 1795 985 1880; x_wconf 68' lang='grc' dir='ltr'><em>“γίνεται’;</em></span> <span class='ocrx_word' id='word_1_105' title='bbox 1017 1794 1073 1860; x_wconf 87' lang='grc' dir='ltr'><em>καί</em></span> 
     </span>
     <span class='ocr_line' id='line_1_15' title="bbox 53 1899 1074 1989; baseline -0.003 -21"><span class='ocrx_word' id='word_1_106' title='bbox 53 1903 162 1968; x_wconf 74' lang='grc' dir='ltr'><em>πάλιν</em></span> <span class='ocrx_word' id='word_1_107' title='bbox 189 1903 246 1968; x_wconf 77' lang='grc' dir='ltr'><em>διὰ</em></span> <span class='ocrx_word' id='word_1_108' title='bbox 272 1906 307 1968; x_wconf 85' lang='grc' dir='ltr'><em>τί</em></span> <span class='ocrx_word' id='word_1_109' title='bbox 330 1905 375 1988; x_wconf 81' lang='grc' dir='ltr'><em>μὴ</em></span> <span class='ocrx_word' id='word_1_110' title='bbox 404 1899 497 1968; x_wconf 81' lang='grc' dir='ltr'><em>εἶπεν</em></span> <span class='ocrx_word' id='word_1_111' title='bbox 524 1903 618 1989; x_wconf 82' lang='grc' dir='ltr'><strong>[ἀπὸ]</strong></span> <span class='ocrx_word' id='word_1_112' title='bbox 643 1901 709 1968; x_wconf 65' lang='grc' dir='ltr'><em>’ἀπ’</em></span> <span class='ocrx_word' id='word_1_113' title='bbox 737 1902 839 1989; x_wconf 78' lang='grc' dir='ltr'><em>ἀρχῆς</em></span> <span class='ocrx_word' id='word_1_114' title='bbox 861 1926 953 1979; x_wconf 92' lang='grc' dir='ltr'><em>τινος</em></span> <span class='ocrx_word' id='word_1_115' title='bbox 976 1900 1074 1986; x_wconf 81' lang='grc' dir='ltr'><em>ἀργό-</em></span> 
     </span>
     <span class='ocr_line' id='line_1_16' title="bbox 54 2007 1074 2096; baseline -0.001 -23"><span class='ocrx_word' id='word_1_116' title='bbox 54 2009 170 2093; x_wconf 88' lang='grc' dir='ltr'><em>μενος’</em></span> <span class='ocrx_word' id='word_1_117' title='bbox 203 2007 273 2074; x_wconf 75' lang='grc' dir='ltr'><em>ἀλλ’</em></span> <span class='ocrx_word' id='word_1_118' title='bbox 302 2007 522 2096; x_wconf 40' lang='grc' dir='ltr'><em>(άρξάμενοςᾈ</em></span> <span class='ocrx_word' id='word_1_119' title='bbox 562 2011 600 2075; x_wconf 92' lang='grc' dir='ltr'><em>τὸ</em></span> <span class='ocrx_word' id='word_1_120' title='bbox 631 2011 693 2095; x_wconf 84' lang='grc' dir='ltr'><em>γάρ</em></span> <span class='ocrx_word' id='word_1_121' title='bbox 722 2008 833 2093; x_wconf 81' lang='grc' dir='ltr'><em>λέγειν</em></span> <span class='ocrx_word' id='word_1_122' title='bbox 860 2008 1074 2094; x_wconf 63' lang='grc' dir='ltr'><em>γιγνόμενον</em></span> 
     </span>
     <span class='ocr_line' id='line_1_17' title="bbox 56 2114 1072 2203; baseline 0.001 -24"><span class='ocrx_word' id='word_1_123' title='bbox 56 2114 124 2179; x_wconf 80' lang='grc' dir='ltr'><em>ἀεί’</em></span> <span class='ocrx_word' id='word_1_124' title='bbox 146 2117 204 2192; x_wconf 82' lang='grc' dir='ltr'><em>τὰς</em></span> <span class='ocrx_word' id='word_1_125' title='bbox 226 2125 287 2181; x_wconf 86' lang='grc' dir='ltr'><em>τοῦ</em></span> <span class='ocrx_word' id='word_1_126' title='bbox 311 2119 468 2200; x_wconf 80' lang='grc' dir='ltr'><em>γίνεσθαι</em></span> <span class='ocrx_word' id='word_1_127' title='bbox 491 2115 594 2202; x_wconf 81' lang='grc' dir='ltr'><em>ἀρχάς</em></span> <span class='ocrx_word' id='word_1_128' title='bbox 615 2118 787 2203; x_wconf 76' lang='grc' dir='ltr'><em>παρούσας</em></span> <span class='ocrx_word' id='word_1_129' title='bbox 805 2119 872 2202; x_wconf 80' lang='grc' dir='ltr'><em>ἔχει</em></span> <span class='ocrx_word' id='word_1_130' title='bbox 890 2115 945 2182; x_wconf 87' lang='grc' dir='ltr'><em>καί</em></span> <span class='ocrx_word' id='word_1_131' title='bbox 965 2114 1016 2181; x_wconf 87' lang='grc' dir='ltr'><em>άεί</em></span> <span class='ocrx_word' id='word_1_132' title='bbox 1035 2117 1072 2181; x_wconf 88' lang='grc' dir='ltr'><em>τὸ</em></span> 
     </span>
     <span class='ocr_line' id='line_1_18' title="bbox 52 2219 1114 2310; baseline 0.004 -24"><span class='ocrx_word' id='word_1_133' title='bbox 52 2229 194 2287; x_wconf 88' lang='grc' dir='ltr'><em>τοιοῦτο</em></span> <span class='ocrx_word' id='word_1_134' title='bbox 219 2223 352 2307; x_wconf 80' lang='grc' dir='ltr'><em>ἄρχεται</em></span> <span class='ocrx_word' id='word_1_135' title='bbox 375 2225 542 2307; x_wconf 78' lang='grc' dir='ltr'><em>γίνεσθαι,</em></span> <span class='ocrx_word' id='word_1_136' title='bbox 567 2223 607 2288; x_wconf 86' lang='grc' dir='ltr'><em>ού</em></span> <span class='ocrx_word' id='word_1_137' title='bbox 630 2224 697 2307; x_wconf 73' lang='grc' dir='ltr'><em>μὴν</em></span> <span class='ocrx_word' id='word_1_138' title='bbox 719 2222 849 2310; x_wconf 74' lang='grc' dir='ltr'><em>ἤρξατο.</em></span> <span class='ocrx_word' id='word_1_139' title='bbox 895 2224 953 2288; x_wconf 75' lang='grc' dir='ltr'><em>διὰ</em></span> <span class='ocrx_word' id='word_1_140' title='bbox 979 2225 1015 2287; x_wconf 94' lang='grc' dir='ltr'><em>τί</em></span> <span class='ocrx_word' id='word_1_141' title='bbox 1035 2219 1073 2287; x_wconf 72' lang='grc' dir='ltr'><em>δὲ</em></span> <span class='ocrx_word' id='word_1_142' title='bbox 1088 2248 1114 2290; x_wconf 80' lang='grc' dir='ltr'><em>ιο</em></span> 
     </span>
     <span class='ocr_line' id='line_1_19' title="bbox 56 2325 1075 2415; baseline 0.001 -23"><span class='ocrx_word' id='word_1_143' title='bbox 56 2325 118 2393; x_wconf 79' lang='grc' dir='ltr'><em>καί</em></span> <span class='ocrx_word' id='word_1_144' title='bbox 143 2325 260 2407; x_wconf 80' lang='grc' dir='ltr'><em>ἑνικῶς</em></span> <span class='ocrx_word' id='word_1_145' title='bbox 281 2327 337 2394; x_wconf 88' lang='grc' dir='ltr'><em>καί</em></span> <span class='ocrx_word' id='word_1_146' title='bbox 361 2328 559 2415; x_wconf 77' lang='grc' dir='ltr'><em>ἀδιορίστως</em></span> <span class='ocrx_word' id='word_1_147' title='bbox 583 2325 675 2395; x_wconf 81' lang='grc' dir='ltr'><em>εἶπεν</em></span> <span class='ocrx_word' id='word_1_148' title='bbox 692 2332 858 2395; x_wconf 77' lang='grc' dir='ltr'><em>πλειόνων</em></span> <span class='ocrx_word' id='word_1_149' title='bbox 876 2329 989 2396; x_wconf 81' lang='grc' dir='ltr'><em>οὐσῶν</em></span> <span class='ocrx_word' id='word_1_150' title='bbox 1006 2339 1075 2394; x_wconf 90' lang='grc' dir='ltr'><em>τῶν</em></span> 
     </span>
     <span class='ocr_line' id='line_1_20' title="bbox 55 2433 1074 2522; baseline 0.002 -23"><span class='ocrx_word' id='word_1_151' title='bbox 55 2442 120 2500; x_wconf 90' lang='grc' dir='ltr'><em>τοῦ</em></span> <span class='ocrx_word' id='word_1_152' title='bbox 140 2434 321 2519; x_wconf 79' lang='grc' dir='ltr'><em>γινομένου</em></span> <span class='ocrx_word' id='word_1_153' title='bbox 340 2434 452 2521; x_wconf 77' lang='grc' dir='ltr'><em>ἀρχῶν</em></span> <span class='ocrx_word' id='word_1_154' title='bbox 464 2434 520 2501; x_wconf 89' lang='grc' dir='ltr'><em>καί</em></span> <span class='ocrx_word' id='word_1_155' title='bbox 534 2435 739 2522; x_wconf 82' lang='grc' dir='ltr'><em>ὡρισμένων,</em></span> <span class='ocrx_word' id='word_1_156' title='bbox 753 2436 798 2513; x_wconf 81' lang='grc' dir='ltr'><em>ὡς</em></span> <span class='ocrx_word' id='word_1_157' title='bbox 812 2442 953 2522; x_wconf 84' lang='grc' dir='ltr'><em>εἰρηται;</em></span> <span class='ocrx_word' id='word_1_158' title='bbox 972 2433 1074 2501; x_wconf 69' lang='grc' dir='ltr'><em>οὐδὲν</em></span> 
     </span>
     <span class='ocr_line' id='line_1_21' title="bbox 55 2540 1074 2628; baseline 0.002 -21"><span class='ocrx_word' id='word_1_159' title='bbox 55 2543 125 2627; x_wconf 78' lang='grc' dir='ltr'><em>ἄρα</em></span> <span class='ocrx_word' id='word_1_160' title='bbox 149 2543 229 2606; x_wconf 76' lang='grc' dir='ltr'><em>ἄλλο</em></span> <span class='ocrx_word' id='word_1_161' title='bbox 253 2543 314 2626; x_wconf 80' lang='grc' dir='ltr'><em>τὴν</em></span> <span class='ocrx_word' id='word_1_162' title='bbox 337 2540 443 2628; x_wconf 76' lang='grc' dir='ltr'><em>ἀρχὴν</em></span> <span class='ocrx_word' id='word_1_163' title='bbox 466 2541 504 2608; x_wconf 84' lang='grc' dir='ltr'><em>έν</em></span> <span class='ocrx_word' id='word_1_164' title='bbox 526 2545 657 2620; x_wconf 87' lang='grc' dir='ltr'><em>τούτοις</em></span> <span class='ocrx_word' id='word_1_165' title='bbox 676 2553 769 2609; x_wconf 81' lang='grc' dir='ltr'><em>νοεῖν</em></span> <span class='ocrx_word' id='word_1_166' title='bbox 787 2541 953 2627; x_wconf 78' lang='grc' dir='ltr'><em>ένόέχεται</em></span> <span class='ocrx_word' id='word_1_167' title='bbox 972 2542 992 2626; x_wconf 79' lang='grc' dir='ltr'><strong><em>ἣ</em></strong></span> <span class='ocrx_word' id='word_1_168' title='bbox 1012 2545 1074 2628; x_wconf 79' lang='grc' dir='ltr'><em>τὴν</em></span> 
     </span>
     <span class='ocr_line' id='line_1_22' title="bbox 53 2643 1072 2735; baseline 0 -22"><span class='ocrx_word' id='word_1_169' title='bbox 53 2656 121 2713; x_wconf 90' lang='grc' dir='ltr'><em>τοῦ</em></span> <span class='ocrx_word' id='word_1_170' title='bbox 145 2643 231 2713; x_wconf 85' lang='grc' dir='ltr'><em>εἰναι</em></span> <span class='ocrx_word' id='word_1_171' title='bbox 254 2646 310 2713; x_wconf 86' lang='grc' dir='ltr'><em>καί</em></span> <span class='ocrx_word' id='word_1_172' title='bbox 333 2657 391 2732; x_wconf 76' lang='grc' dir='ltr'><em>της</em></span> <span class='ocrx_word' id='word_1_173' title='bbox 412 2646 591 2735; x_wconf 76' lang='grc' dir='ltr'><em>ὑπάρξεως.</em></span> <span class='ocrx_word' id='word_1_174' title='bbox 638 2649 744 2726; x_wconf 80' lang='grc' dir='ltr'><em>οὕτως</em></span> <span class='ocrx_word' id='word_1_175' title='bbox 767 2643 831 2715; x_wconf 85' lang='grc' dir='ltr'><em>οὖν</em></span> <span class='ocrx_word' id='word_1_176' title='bbox 852 2648 934 2733; x_wconf 80' lang='grc' dir='ltr'><em>ἡμῖν</em></span> <span class='ocrx_word' id='word_1_177' title='bbox 956 2647 1011 2713; x_wconf 88' lang='grc' dir='ltr'><em>καί</em></span> <span class='ocrx_word' id='word_1_178' title='bbox 1034 2650 1072 2714; x_wconf 92' lang='grc' dir='ltr'><em>τὸ</em></span> 
     </span>
     <span class='ocr_line' id='line_1_23' title="bbox 54 2753 1115 2841; baseline 0.002 -22"><span class='ocrx_word' id='word_1_179' title='bbox 54 2757 175 2841; x_wconf 89' lang='grc' dir='ltr'><em>τρίτον</em></span> <span class='ocrx_word' id='word_1_180' title='bbox 198 2756 444 2840; x_wconf 85' lang='grc' dir='ltr'><em>σημαινόμενον</em></span> <span class='ocrx_word' id='word_1_181' title='bbox 467 2753 712 2840; x_wconf 75' lang='grc' dir='ltr'><em>άπεληίἕγχθω.</em></span> <span class='ocrx_word' id='word_1_182' title='bbox 1088 2781 1115 2821; x_wconf 79' lang='grc' dir='ltr'><em>ιο</em></span> 
     </span>
     <span class='ocr_line' id='line_1_24' title="bbox 127 2859 1073 2947; baseline -0.002 -21"><span class='ocrx_word' id='word_1_183' title='bbox 127 2859 184 2940; x_wconf 79' lang='grc' dir='ltr'><em>ζί.</em></span> <span class='ocrx_word' id='word_1_184' title='bbox 208 2864 364 2926; x_wconf 86' lang='grc' dir='ltr'><em>Λείπεται</em></span> <span class='ocrx_word' id='word_1_185' title='bbox 386 2859 462 2947; x_wconf 90' lang='grc' dir='ltr'><em>περί</em></span> <span class='ocrx_word' id='word_1_186' title='bbox 485 2870 545 2926; x_wconf 86' lang='grc' dir='ltr'><em>τοῦ</em></span> <span class='ocrx_word' id='word_1_187' title='bbox 569 2862 726 2947; x_wconf 87' lang='grc' dir='ltr'><em>τετάρτου</em></span> <span class='ocrx_word' id='word_1_188' title='bbox 749 2864 876 2947; x_wconf 87' lang='grc' dir='ltr'><em>τρόπον</em></span> <span class='ocrx_word' id='word_1_189' title='bbox 897 2869 958 2925; x_wconf 88' lang='grc' dir='ltr'><em>τοῦ</em></span> <span class='ocrx_word' id='word_1_190' title='bbox 977 2882 1073 2945; x_wconf 85' lang='grc' dir='ltr'><em>γενη-</em></span> 
     </span>
     <span class='ocr_line' id='line_1_25' title="bbox 54 2966 1073 3052; baseline 0 -19"><span class='ocrx_word' id='word_1_191' title='bbox 54 2975 121 3033; x_wconf 90' lang='grc' dir='ltr'><em>τοῦ</em></span> <span class='ocrx_word' id='word_1_192' title='bbox 145 2966 400 3051; x_wconf 75' lang='grc' dir='ltr'><em>ἐπισκέψασθαι,</em></span> <span class='ocrx_word' id='word_1_193' title='bbox 423 2968 503 3052; x_wconf 83' lang='grc' dir='ltr'><em>ὅπερ</em></span> <span class='ocrx_word' id='word_1_194' title='bbox 528 2966 620 3033; x_wconf 84' lang='grc' dir='ltr'><em>έστίν</em></span> <span class='ocrx_word' id='word_1_195' title='bbox 642 2967 679 3032; x_wconf 85' lang='grc' dir='ltr'><em>τὸ</em></span> <span class='ocrx_word' id='word_1_196' title='bbox 703 2966 772 3033; x_wconf 89' lang='grc' dir='ltr'><em>κατ’</em></span> <span class='ocrx_word' id='word_1_197' title='bbox 792 2969 902 3033; x_wconf 79' lang='grc' dir='ltr'><em>αἰτίαν</em></span> <span class='ocrx_word' id='word_1_198' title='bbox 921 2969 1073 3052; x_wconf 85' lang='grc' dir='ltr'><em>γενητόν,</em></span> 
     </span>
     <span class='ocr_line' id='line_1_26' title="bbox 56 3071 1074 3158; baseline 0 -18"><span class='ocrx_word' id='word_1_199' title='bbox 56 3076 90 3140; x_wconf 87' lang='grc' dir='ltr'><em>εἰ</em></span> <span class='ocrx_word' id='word_1_200' title='bbox 114 3074 288 3158; x_wconf 83' lang='grc' dir='ltr'><em>γεγονέναι</em></span> <span class='ocrx_word' id='word_1_201' title='bbox 311 3073 419 3158; x_wconf 77' lang='grc' dir='ltr'><em>λέγων</em></span> <span class='ocrx_word' id='word_1_202' title='bbox 441 3075 502 3138; x_wconf 91' lang='grc' dir='ltr'><em>τὸν</em></span> <span class='ocrx_word' id='word_1_203' title='bbox 523 3076 651 3158; x_wconf 83' lang='grc' dir='ltr'><em>κόσμον</em></span> <span class='ocrx_word' id='word_1_204' title='bbox 675 3074 692 3140; x_wconf 86' lang='grc' dir='ltr'>ὁ</span> <span class='ocrx_word' id='word_1_205' title='bbox 713 3075 856 3139; x_wconf 79' lang='grc' dir='ltr'><em>Πλάτων</em></span> <span class='ocrx_word' id='word_1_206' title='bbox 874 3071 944 3138; x_wconf 86' lang='grc' dir='ltr'><em>κατ’</em></span> <span class='ocrx_word' id='word_1_207' title='bbox 963 3076 1074 3140; x_wconf 81' lang='grc' dir='ltr'><em>αἰτίαν</em></span> 
     </span>
     <span class='ocr_line' id='line_1_27' title="bbox 56 3176 1072 3268; baseline 0 -22"><span class='ocrx_word' id='word_1_208' title='bbox 56 3182 168 3266; x_wconf 87' lang='grc' dir='ltr'><em>μόνον</em></span> <span class='ocrx_word' id='word_1_209' title='bbox 190 3179 296 3265; x_wconf 87' lang='grc' dir='ltr'><em>φησίν</em></span> <span class='ocrx_word' id='word_1_210' title='bbox 318 3179 506 3265; x_wconf 88' lang='grc' dir='ltr'><em>γεγονέναι·</em></span> <span class='ocrx_word' id='word_1_211' title='bbox 534 3179 589 3246; x_wconf 92' lang='grc' dir='ltr'><em>καί</em></span> <span class='ocrx_word' id='word_1_212' title='bbox 612 3182 715 3266; x_wconf 78' lang='grc' dir='ltr'><em>ταύτῃ</em></span> <span class='ocrx_word' id='word_1_213' title='bbox 738 3180 813 3266; x_wconf 84' lang='grc' dir='ltr'><em>γάρ,</em></span> <span class='ocrx_word' id='word_1_214' title='bbox 836 3180 881 3258; x_wconf 82' lang='grc' dir='ltr'><em>ὡς</em></span> <span class='ocrx_word' id='word_1_215' title='bbox 904 3176 1010 3264; x_wconf 81' lang='grc' dir='ltr'><em>εἶπον,</em></span> <span class='ocrx_word' id='word_1_216' title='bbox 1033 3191 1072 3268; x_wconf 76' lang='grc' dir='ltr'><em>τῇ</em></span> 
     </span>
     <span class='ocr_line' id='line_1_28' title="bbox 56 3285 1112 3376; baseline -0.001 -22"><span class='ocrx_word' id='word_1_217' title='bbox 56 3285 141 3376; x_wconf 78' lang='grc' dir='ltr'><em>δόξη</em></span> <span class='ocrx_word' id='word_1_218' title='bbox 166 3287 185 3353; x_wconf 85' lang='grc' dir='ltr'><strong>ὁ</strong></span> <span class='ocrx_word' id='word_1_219' title='bbox 209 3291 363 3374; x_wconf 75' lang='grc' dir='ltr'><em>Πρόκλος</em></span> <span class='ocrx_word' id='word_1_220' title='bbox 386 3290 498 3352; x_wconf 80' lang='grc' dir='ltr'><em>ἔθετο·</em></span> <span class='ocrx_word' id='word_1_221' title='bbox 526 3287 633 3365; x_wconf 76' lang='grc' dir='ltr'><em>οὕτως</em></span> <span class='ocrx_word' id='word_1_222' title='bbox 655 3288 718 3372; x_wconf 92' lang='grc' dir='ltr'><em>γάρ</em></span> <span class='ocrx_word' id='word_1_223' title='bbox 742 3305 847 3371; x_wconf 80' lang='grc' dir='ltr'><em>φησιν</em></span> <span class='ocrx_word' id='word_1_224' title='bbox 869 3287 1011 3371; x_wconf 88' lang='grc' dir='ltr'><em>γενητὸν</em></span> <span class='ocrx_word' id='word_1_225' title='bbox 1032 3287 1071 3352; x_wconf 91' lang='grc' dir='ltr'><em>τὸ</em></span> <span class='ocrx_word' id='word_1_226' title='bbox 1086 3312 1112 3354; x_wconf 80' lang='grc' dir='ltr'><em>ιε</em></span> 
     </span>
     <span class='ocr_line' id='line_1_29' title="bbox 56 3384 1128 3480; baseline -0.003 -19"><span class='ocrx_word' id='word_1_227' title='bbox 56 3404 128 3462; x_wconf 80' lang='grc' dir='ltr'><em>πᾶν</em></span> <span class='ocrx_word' id='word_1_228' title='bbox 150 3394 308 3478; x_wconf 74' lang='grc' dir='ltr'><em>λέγεσθαι</em></span> <span class='ocrx_word' id='word_1_229' title='bbox 326 3395 416 3480; x_wconf 83' lang='grc' dir='ltr'><em>παρὰ</em></span> <span class='ocrx_word' id='word_1_230' title='bbox 435 3393 617 3471; x_wconf 79' lang='grc' dir='ltr'><em>Πλάτωνος</em></span> <span class='ocrx_word' id='word_1_231' title='bbox 639 3394 684 3471; x_wconf 77' lang='grc' dir='ltr'><em>ὡς</em></span> <span class='ocrx_word' id='word_1_232' title='bbox 707 3392 769 3458; x_wconf 87' lang='grc' dir='ltr'><em>οὐκ</em></span> <span class='ocrx_word' id='word_1_233' title='bbox 792 3392 833 3458; x_wconf 86' lang='grc' dir='ltr'><em>όν</em></span> <span class='ocrx_word' id='word_1_234' title='bbox 853 3394 857 3477; x_wconf 94' lang='grc' dir='ltr'>Ι</span> <span class='ocrx_word' id='word_1_235' title='bbox 879 3384 953 3458; x_wconf 85' lang='grc' dir='ltr'><em>οἷον</em></span> <span class='ocrx_word' id='word_1_236' title='bbox 970 3394 1009 3458; x_wconf 86' lang='grc' dir='ltr'><em>τὸ</em></span> <span class='ocrx_word' id='word_1_237' title='bbox 1029 3410 1128 3452; x_wconf 68' lang='lat' dir='ltr'><strong>fomur.</strong></span> 
     </span>
    </p>
   </div>
   <div class='ocr_carea' id='block_1_4' title="bbox 132 3584 1070 3658">
    <p class='ocr_par' dir='ltr' id='par_1_4' title="bbox 132 3584 1070 3658">
     <span class='ocr_line' id='line_1_30' title="bbox 132 3584 1070 3658; baseline -0.003 -15"><span class='ocrx_word' id='word_1_238' title='bbox 132 3595 156 3643; x_wconf 84' lang='grc'><em>1.</em></span> <span class='ocrx_word' id='word_1_239' title='bbox 170 3605 234 3658; x_wconf 81' lang='lat' dir='ltr'>pag.</span> <span class='ocrx_word' id='word_1_240' title='bbox 247 3591 392 3657; x_wconf 77' lang='lat' dir='ltr'><strong>155‚5sq.</strong></span> <span class='ocrx_word' id='word_1_241' title='bbox 438 3592 464 3642; x_wconf 74' lang='lat'><em>4.</em></span> <span class='ocrx_word' id='word_1_242' title='bbox 479 3584 551 3642; x_wconf 74' lang='lat' dir='ltr'><strong>Plat.</strong></span> <span class='ocrx_word' id='word_1_243' title='bbox 562 3584 633 3641; x_wconf 83' lang='lat' dir='ltr'><strong>Tim.</strong></span> <span class='ocrx_word' id='word_1_244' title='bbox 644 3586 706 3640; x_wconf 73' lang='lat' dir='ltr'><em>28ss</em></span> <span class='ocrx_word' id='word_1_245' title='bbox 752 3590 777 3639; x_wconf 85' lang='grc'><em>6.</em></span> <span class='ocrx_word' id='word_1_246' title='bbox 792 3585 933 3657; x_wconf 61' lang='grc' dir='ltr'><em>ψενόηοίς,</em></span> <span class='ocrx_word' id='word_1_247' title='bbox 947 3600 982 3639; x_wconf 83' lang='lat' dir='ltr'><em>ex</em></span> <span class='ocrx_word' id='word_1_248' title='bbox 996 3585 1070 3654; x_wconf 88' lang='grc' dir='ltr'><em>ω,Μ</em></span> 
     </span>
    </p>
   </div>
   <div class='ocr_carea' id='block_1_5' title="bbox 54 3675 1073 3836">
    <p class='ocr_par' dir='ltr' id='par_1_5' title="bbox 54 3675 1073 3836">
     <span class='ocr_line' id='line_1_31' title="bbox 131 3675 1073 3764; baseline -0.001 -15"><span class='ocrx_word' id='word_1_249' title='bbox 131 3700 157 3749; x_wconf 88' lang='grc'><em>9.</em></span> <span class='ocrx_word' id='word_1_250' title='bbox 171 3695 337 3764; x_wconf 74' lang='grc' dir='ltr'><em>ὡμοίογιται</em></span> <span class='ocrx_word' id='word_1_251' title='bbox 347 3692 376 3747; x_wconf 91' lang='grc' dir='ltr'>Μ</span> <span class='ocrx_word' id='word_1_252' title='bbox 418 3698 459 3748; x_wconf 81' lang='lat'><em>12.</em></span> <span class='ocrx_word' id='word_1_253' title='bbox 470 3692 541 3748; x_wconf 80' lang='lat' dir='ltr'>Plat.</span> <span class='ocrx_word' id='word_1_254' title='bbox 552 3691 623 3747; x_wconf 86' lang='lat' dir='ltr'><strong>Tim.</strong></span> <span class='ocrx_word' id='word_1_255' title='bbox 634 3691 699 3746; x_wconf 72' lang='lat' dir='ltr'><em>27D</em></span> <span class='ocrx_word' id='word_1_256' title='bbox 740 3675 819 3746; x_wconf 66' lang='grc' dir='ltr'><em>ἰῑπεύ</em></span> <span class='ocrx_word' id='word_1_257' title='bbox 828 3695 852 3762; x_wconf 84' lang='lat' dir='ltr'><em>(c</em></span> <span class='ocrx_word' id='word_1_258' title='bbox 862 3707 996 3761; x_wconf 79' lang='lat' dir='ltr'><strong>superscr.</strong></span> <span class='ocrx_word' id='word_1_259' title='bbox 1007 3711 1036 3747; x_wconf 90' lang='lat' dir='ltr'><strong>m</strong></span> <span class='ocrx_word' id='word_1_260' title='bbox 1047 3696 1073 3762; x_wconf 88' lang='lat'><em>1)</em></span> 
     </span>
     <span class='ocr_line' id='line_1_32' title="bbox 54 3761 1072 3836; baseline -0.001 -15"><span class='ocrx_word' id='word_1_261' title='bbox 54 3766 117 3822; x_wconf 77' lang='grc' dir='ltr'><em>ακό</em></span> <span class='ocrx_word' id='word_1_262' title='bbox 131 3784 260 3836; x_wconf 79' lang='grc' dir='ltr'><em>απαρχης</em></span> <span class='ocrx_word' id='word_1_263' title='bbox 273 3765 315 3832; x_wconf 82' lang='grc' dir='ltr'><em>Μ;</em></span> <span class='ocrx_word' id='word_1_264' title='bbox 334 3765 391 3819; x_wconf 76' lang='grc' dir='ltr'><em>ἀπὸ</em></span> <span class='ocrx_word' id='word_1_265' title='bbox 408 3763 499 3819; x_wconf 74' lang='lat' dir='ltr'><strong>delevi</strong></span> <span class='ocrx_word' id='word_1_266' title='bbox 573 3769 613 3817; x_wconf 82' lang='lat'><em>13.</em></span> <span class='ocrx_word' id='word_1_267' title='bbox 633 3766 833 3833; x_wconf 77' lang='grc' dir='ltr'><em>λιγεινομενον,</em></span> <span class='ocrx_word' id='word_1_268' title='bbox 852 3779 881 3816; x_wconf 87' lang='lat' dir='ltr'><strong>m</strong></span> <span class='ocrx_word' id='word_1_269' title='bbox 900 3769 914 3817; x_wconf 94' lang='lat'>1</span> <span class='ocrx_word' id='word_1_270' title='bbox 934 3761 964 3817; x_wconf 89' lang='lat' dir='ltr'><em>in</em></span> <span class='ocrx_word' id='word_1_271' title='bbox 983 3780 1072 3836; x_wconf 74' lang='lat' dir='ltr'><strong>marg.</strong></span> 
     </span>
    </p>
   </div>
   <div class='ocr_carea' id='block_1_6' title="bbox 55 3841 1073 4017">
    <p class='ocr_par' dir='ltr' id='par_1_6' title="bbox 55 3841 1073 4017">
     <span class='ocr_line' id='line_1_33' title="bbox 55 3841 1073 3944; baseline 0.002 -18"><span class='ocrx_word' id='word_1_272' title='bbox 55 3841 237 3944; x_wconf 67' lang='grc' dir='ltr'><em>γάηοίμενον</em></span> <span class='ocrx_word' id='word_1_273' title='bbox 254 3874 299 3940; x_wconf 84' lang='lat' dir='ltr'><em>(ex</em></span> <span class='ocrx_word' id='word_1_274' title='bbox 314 3891 335 3924; x_wconf 88' lang='grc' dir='ltr'><em>ω</em></span> <span class='ocrx_word' id='word_1_275' title='bbox 349 3888 378 3925; x_wconf 91' lang='lat' dir='ltr'><strong>m</strong></span> <span class='ocrx_word' id='word_1_276' title='bbox 393 3873 429 3940; x_wconf 88' lang='lat'><em>1),</em></span> <span class='ocrx_word' id='word_1_277' title='bbox 443 3871 472 3924; x_wconf 87' lang='grc' dir='ltr'><strong>Μ</strong></span> <span class='ocrx_word' id='word_1_278' title='bbox 528 3875 568 3923; x_wconf 89' lang='grc'><em>16.</em></span> <span class='ocrx_word' id='word_1_279' title='bbox 585 3871 754 3937; x_wconf 81' lang='grc' dir='ltr'><em>αόιωριστως</em></span> <span class='ocrx_word' id='word_1_280' title='bbox 772 3868 801 3923; x_wconf 91' lang='grc' dir='ltr'>Μ</span> <span class='ocrx_word' id='word_1_281' title='bbox 857 3874 898 3924; x_wconf 85' lang='grc'><em>17.</em></span> <span class='ocrx_word' id='word_1_282' title='bbox 914 3868 1073 3940; x_wconf 76' lang='grc' dir='ltr'><em>ὡρισμένων</em></span> 
     </span>
     <span class='ocr_line' id='line_1_34' title="bbox 55 3942 982 4017; baseline 0 -18"><span class='ocrx_word' id='word_1_283' title='bbox 55 3945 108 4017; x_wconf 80' lang='grc' dir='ltr'><em>ὡς]</em></span> <span class='ocrx_word' id='word_1_284' title='bbox 127 3959 285 4012; x_wconf 78' lang='grc' dir='ltr'><em>ωρισμινως</em></span> <span class='ocrx_word' id='word_1_285' title='bbox 303 3942 333 3995; x_wconf 84' lang='grc' dir='ltr'><strong>Μ</strong></span> <span class='ocrx_word' id='word_1_286' title='bbox 405 3957 470 4012; x_wconf 72' lang='lat' dir='ltr'><strong>pag.</strong></span> <span class='ocrx_word' id='word_1_287' title='bbox 486 3946 546 4010; x_wconf 83' lang='lat'>158,</span> <span class='ocrx_word' id='word_1_288' title='bbox 561 3946 595 3996; x_wconf 70' lang='lat'><em>24</em></span> <span class='ocrx_word' id='word_1_289' title='bbox 609 3958 650 4011; x_wconf 87' lang='lat' dir='ltr'><em>sq.</em></span> <span class='ocrx_word' id='word_1_290' title='bbox 723 3945 765 3996; x_wconf 76' lang='lat'><em>24.</em></span> <span class='ocrx_word' id='word_1_291' title='bbox 783 3945 982 4015; x_wconf 63' lang='lat' dir='ltr'><em>pag.1ffl,‘2x</em></span> 
     </span>
    </p>
   </div>
   <div class='ocr_carea' id='block_1_7' title="bbox 0 0 1202 4208">
    <p class='ocr_par' dir='ltr' id='par_1_7' title="bbox 0 0 1202 4208">
     <span class='ocr_line' id='line_1_35' title="bbox 0 0 1202 4208; baseline 0 0"><span class='ocrx_word' id='word_1_292' title='bbox 0 0 1202 4208; x_wconf 95' lang='lat' dir='ltr'><em> </em></span> 
     </span>
    </p>
   </div>
  </div>
 </body>
</html>
