2394 4208
454 534 658 591 PRAEFATIO
1026 538 1063 592 XI

56 699 177 761 illorum
204 703 341 764 oodieum
368 694 440 783 (nisi
467 702 543 763 forte
572 724 648 765 unus
676 725 711 764 ex
737 706 783 765 his
811 705 878 766 fons
901 709 1064 765 ceterorum

57 796 118 870 est,
149 792 229 869 quod
256 791 418 851 diiudicare
445 785 588 872 nequeo),
620 794 747 853 alterum
774 812 793 853 a
820 795 995 855 Trinoavelo
1026 795 1064 853 ad

58 882 219 941 editionem
236 879 409 958 parandam
443 881 494 939 sed
511 881 588 941 hano
606 883 785 942 sententiam
804 886 883 942 staro
902 903 961 944 000
978 902 1064 960 posse

58 969 207 1048 intellexi,
236 989 305 1030 oum
333 967 463 1029 codicem
494 969 663 1029 Parisinum
692 991 759 1030 oum
790 972 919 1031 editione
949 971 1065 1031 Veneta

58 1059 231 1121 conferrem
276 1058 405 1135 primum
437 1058 516 1117 enim
547 1063 686 1119 accentus
718 1064 749 1119 et
779 1060 914 1139 spiritus,
950 1061 1002 1136 qui
1034 1062 1066 1119 in

57 1150 211 1209 Marciano
237 1148 411 1225 plerumque
434 1147 536 1206 omissi
559 1150 640 1224 sunt,
667 1166 760 1224 paene
783 1168 898 1225 semper
921 1149 1012 1208 etiam
1034 1149 1066 1207 in

59 1239 167 1297 erratis
194 1240 373 1314 congruunt,
400 1236 445 1295 ita
469 1238 505 1294 ut
527 1254 596 1295 easu
618 1237 649 1295 id
671 1237 784 1297 faotum
807 1257 866 1298 non
889 1256 950 1296 esse
975 1255 1065 1312 appa·

58 1330 134 1386 reat
179 1325 285 1384 deinde
316 1325 418 1385 multis
449 1324 535 1399 loeis,
567 1324 673 1402 quibus
699 1326 843 1385 Marciani
873 1328 971 1384 textus
1003 1329 1067 1384 tam

59 1415 140 1474 male
162 1417 298 1474 servatus
320 1417 379 1490 est,
400 1417 436 1472 01
458 1416 512 1472 aut
534 1414 652 1474 omnino
676 1414 736 1492 legi
758 1434 817 1474 non
839 1414 935 1491 possit
956 1419 1010 1473 aut
1032 1433 1067 1472 ex

59 1505 147 1581 parte
170 1505 297 1577 1001010,
316 1503 407 1563 editio
426 1502 593 1561 Trinaaveli
612 1506 643 1561 01
660 1502 751 1561 codex
768 1503 920 1563 Parisinus
944 1502 1068 1562 eandem

60 1592 220 1652 lectionem
241 1590 386 1668 praebent
408 1593 439 1650 01
461 1609 527 1649 0001
548 1591 670 1668 falsam,
700 1590 736 1649 of.
757 1593 820 1664 5,2
843 1589 893 1651 καὶ
916 1589 951 1651 οὐ
974 1590 1068 1672 πάσης

62 1683 93 1758 5,
113 1682 133 1740 3
156 1676 249 1759 λέγειν
272 1680 414 1740 omissum
436 1671 623 1760 (membrana
645 1679 719 1738 adeo
743 1679 872 1738 oontn'ta
896 1682 953 1753 001,
979 1682 1014 1738 ut
1036 1679 1068 1737 id

60 1767 188 1828 verbum
208 1786 302 1844 paene
326 1761 506 1850 evanuerit),
539 1770 589 1843 82,
609 1769 659 1828 26.
685 1769 725 1826 26
749 1764 882 1827 ἀτέλεστά
903 1788 987 1840 enom
1017 1768 1069 1841 84,

63 1859 107 1917 15
132 1861 172 1939 τῷ
194 1855 375 1935 οἰκοδομεῖν,
403 1857 454 1931 88,
474 1857 492 1915 5
516 1861 591 1931 τοῖς;
621 1858 672 1931 88,
692 1857 711 1915 8
735 1854 815 1929 rdde3
845 1856 977 1930 163,16
1003 1853 1070 1931 ὅσα,

64 1946 202 2019 163,18
224 1941 272 2022 ot,
299 1944 425 2021 denique
447 1945 484 2005 of.
510 1947 582 2020 164,
602 1946 764 2019 21-165,
788 1947 818 2003 4.
847 1946 920 2018 413,
944 1946 994 2004 26.
1020 1944 1070 2001 27.

62 2036 188 2110 415,1.
213 2036 242 2093 2.
274 2033 408 2109 sequitur
429 2052 483 2093 neo
506 2032 636 2092 oodioem
658 2033 829 2092 Par-isinum
852 2052 886 2090 ex
908 2033 973 2107 ipso
991 2031 1070 2090 Mar-

64 2127 152 2184 010οο
182 2121 362 2198 descriptum
390 2140 454 2182 0000
483 2140 536 2181 000
571 2122 731 2181 editionem
762 2121 922 2194 Venetam,
953 2121 1003 2180 sed
1036 2139 1070 2178 ex

64 2212 211 2272 Maeuiani
229 2211 401 2289 apographo
419 2210 581 2287 deperdito,
596 2210 749 2287 quodiam
763 2210 935 2270 correctoris
951 2228 1072 2267 manum

66 2320 190 2378 passum
218 2303 292 2360 erat
341 2300 446 2377 nequit
481 2299 607 2377 eogitari
643 2298 851 2359 Trineavelum
885 2317 973 2357 usum
1009 2315 1071 2356 esse

67 2390 167 2450 oodioe
184 2388 335 2464 Parisino,
356 2388 383 2448 is
406 2388 484 2447 enim
506 2387 669 2464 permultas
691 2387 813 2447 laouuas
836 2406 889 2462 per
910 2386 1072 2447 homoiote-

68 2480 171 2538 leuton
193 2481 281 2537 natas
302 2476 433 2553 praebat.
478 2476 550 2552 quid
572 2475 687 2535 multa?
732 2476 859 2535 tradidit
880 2474 1072 2534 Trineavelus

68 2567 244 2644 typothetae
267 2566 397 2626 oodieem
420 2565 579 2643 gemellum
600 2564 729 2624 Parisini
753 2582 771 2623 a
794 2564 891 2625 verbis
920 2565 1010 2637 3,14
1037 2569 1072 2644 τῇ

67 2654 124 2736 γὰρ
147 2655 347 2731 incipientem,
369 2654 417 2714 oui
439 2655 664 2730 praeposuerat,
688 2671 763 2730 quae
785 2654 849 2728 ipse
873 2672 908 2711 ex
930 2649 1075 2710 Marciani

68 2745 143 2804 folio
168 2748 216 2817 11.
244 2743 452 2803 enucleaverat
478 2734 554 2823 (alia
576 2759 635 2800 non
658 2742 745 2820 legIt,
772 2742 833 2801 alia
855 2741 932 2799 male
957 2739 1073 2815 supple-

69 2827 145 2914 vit),
171 2832 321 2891 adiecerat
346 2831 453 2890 folium
481 2831 543 2891 269
573 2831 653 2908 (pag.
673 2833 750 2906 643,
774 2833 793 2890 3
813 2822 885 2911 sq.)3
921 2831 1075 2904 praeterea

70 2921 207 2980 Platonis
233 2920 331 2980 looum
353 2937 422 2998 pag.
442 2921 515 2993 641,
535 2920 554 2978 8
581 2922 678 2977 101010
705 2918 928 2995 exprimendum
951 2917 1074 2992 curavit,

71 3009 203 3069 eiusdem
229 3009 328 3068 loeum
353 3027 421 3085 pag.
442 3010 515 3085 510,
534 3009 575 3066 23
605 3026 641 3066 ex
667 3006 792 3067 Platone
824 3007 904 3066 edito
935 3006 1075 3083 correxit3

71 3098 199 3174 denique
221 3097 347 3157 fortasse
368 3114 464 3173 pauca
485 3097 565 3155 inter
586 3095 744 3172 legendum
766 3094 943 3169 emendavit,
963 3113 1031 3172 pag.
1046 3096 1076 3169 4,

74 3190 115 3248 19
137 3184 348 3247 temtationem
370 3205 405 3244 ex
427 3185 492 3261 ipso
515 3184 665 3244 Marciano
689 3184 816 3244 correxit
839 3176 905 3265 (sed
923 3183 1026 3242 statim
1044 3182 1076 3239 in

71 3275 176 3353 primis
199 3274 308 3333 oodiois
331 3274 378 3333 sui
400 3273 526 3333 10000110
548 3272 646 3332 verbis
670 3274 760 3348 3,15
784 3276 899 3352 κρατεῖν
927 3291 986 3330 000
1014 3288 1076 3329 001-

71 3355 227 3444 rexeratl).
256 3394 296 3404 —
324 3363 412 3438 plura
438 3364 554 3421 mutata
581 3361 721 3438 leguntur
747 3361 778 3419 in
806 3361 904 3420 codiee
927 3358 1076 3418 Parisino:

70 3456 283 3530 praeterquam
304 3451 383 3527 quod
406 3451 500 3509 multa
521 3469 575 3527 per
597 3468 726 3509 errorem
742 3450 963 3523 interciderunt,
982 3447 1077 3506 multa

72 3541 164 3601 etiam
194 3540 365 3600 coniectura
393 3540 454 3600 sive
485 3542 624 3614 corrupta
653 3539 715 3599 siva
743 3538 899 3598 emendata
925 3538 1077 3614 leguntur,

70 3630 232 3708 praecipue
259 3629 291 3687 in
318 3629 471 3689 modorum
498 3631 528 3687 et
550 3631 717 3704 temporum
738 3647 794 3687 usu
816 3626 945 3703 plurima
968 3629 1077 3685 temere

71 3722 190 3780 tentata
214 3719 292 3778 sunt.
