2394 4208
94 589 184 645 xvm
199 592 244 664 ιο]
359 592 408 646 ou
426 592 683 649 assuminus
701 593 822 650 Μναοι
941 638 946 646 .
1034 595 1100 660 643

92 755 216 830 παντὸς
247 753 412 838 ποιητέον,
445 755 466 820 δ
496 766 609 841 πρῶτα
641 757 833 842 ἀκούουσιν,
864 758 914 824 ὅτι
941 760 1101 825 κάλλιστα

91 859 392 945 μεμυθολογημένα
413 862 497 947 πρὸς
520 861 639 947 ἀρετὴν
662 862 839 947 ἀκούειν’)

90 1339 311 1428 <παντε>λλῶς
347 1341 514 1426 ἀπήλασεν
550 1343 689 1419 πόλεως·
735 1338 815 1407 οὐδὲ
850 1343 912 1428 γὰρ
950 1342 1017 1408 τισί
1040 1361 1152 1404 tomer-

89 1444 153 1531 μὲν
176 1448 290 1525 αὐτοῖς
313 1458 380 1513 τῶν
402 1453 548 1514 πολιτῶν
570 1455 716 1536 χρῆσθαι
739 1447 948 1535 προσέταξεν,
971 1449 1038 1516 τισί
1062 1447 1099 1516 δὲ

89 1557 149 1638 μη,
172 1552 241 1618 ἀλλ’
266 1555 310 1631 ὡς
333 1553 518 1640 ἀχρήστους
539 1553 594 1620 καί
613 1553 801 1637 ἐπιβλαβελς
819 1555 944 1632 πάντας
963 1554 998 1620 ἐκ
1016 1557 1098 1621 πάν-
1126 1584 1139 1625 s

88 1683 157 1724 των
183 1665 352 1738 παντελῶς
379 1661 559 1727 ἀπεώσατο.
605 1662 634 1726 εἰ
662 1657 699 1726 δὲ
727 1660 764 1725 ἐν
791 1671 831 1747 τῇ
858 1665 1015 1749 καλλίστῃ
1041 1673 1099 1748 τῆς

88 1769 217 1845 πόλεως
244 1767 372 1854 ἀγωγῇ,
398 1769 442 1852 ἣν
470 1768 488 1833 ὁ
514 1768 656 1833 Πλάτοιν
683 1766 874 1852 διέπλασεν,
905 1767 941 1832 ἐν
968 1761 989 1854 ᾖ
1011 1771 1097 1854 μόνη

88 1872 187 1957 ἀρετὴ
215 1873 271 1940 καί
298 1877 460 1959 φρόνησις
487 1875 704 1959 πολιτεύεται,
732 1877 810 1950 τοὺς
833 1874 1014 1951 τοσούτους
1036 1877 1098 1959 μύ-

88 1985 175 2056 θους
204 1980 244 2045 ού
272 1982 376 2046 καλὸν
401 1980 648 2066 παραδέχεσθαι
676 1982 721 2058 ὡς
744 1983 791 2058 είς
814 1979 948 2045 ἀδικίαν
970 1985 1098 2064 μᾶλλον

87 2085 143 2151 καί
179 2089 237 2164 τὰς
273 2086 543 2173 ἀπηγορευμένας
579 2087 798 2165 ἐκκαλοῦντας
834 2097 901 2152 τῶν
936 2085 1096 2173 πράξεων,
1111 2116 1138 2154 ιο

87 2193 204 2276 ἥκιστά
232 2217 269 2276 γε
297 2192 334 2258 ἐν
357 2203 427 2269 ταῖς
450 2191 527 2259 καθ’
549 2193 635 2278 ἡμᾶς
657 2191 700 2257 ἀν
723 2189 791 2259 είεν
814 2191 923 2257 δεκτολ
946 2196 1095 2278 πόλεσιν,

88 2298 125 2363 ἐν
149 2290 200 2376 αίς
224 2300 268 2376 ὡς
292 2298 345 2364 ἐπὶ
368 2300 405 2364 τὸ
428 2304 586 2365 πλεῖστον
607 2300 644 2364 τὸ
668 2300 733 2384 ἡδὺ
752 2308 812 2364 τοῦ
831 2299 963 2382 ἀγαθοῦ
983 2298 1038 2364 καί
1057 2302 1095 2366 τὸ

87 2417 201 2492 χεῖρον
232 2415 292 2470 τοῦ
324 2408 494 2488 βελτίονος
525 2409 765 2492 προτετίμηται.
817 2402 897 2470 οὐδὲ
934 2415 1096 2471 τοσοῦτον

87 2515 151 2597 ἀρα
174 2521 234 2577 τοῦ
254 2511 483 2598 συμφέροντος
502 2512 694 2598 ἀνθρώποις
713 2512 730 2577 ὁ
749 2522 819 2589 τοίς
836 2522 987 2595 ποιηταῖς
1006 2511 1095 2597 ἐνερ-

87 2622 191 2703 γήσας
219 2620 347 2702 δαίμων
376 2617 589 2704 ἐφρόντισεν,
617 2619 699 2684 ὅσον
726 2618 766 2683 οὐ
794 2620 901 2702 μόνον
928 2628 985 2702 τῆς
1008 2619 1095 2696 ἰδίας
1109 2645 1135 2686 ιε

87 2725 105 2789 ὁ
130 2725 273 2790 Πλάτων
295 2728 420 2801 πόλεως
442 2724 497 2790 καί
521 2734 622 2790 ταῦτα
648 2723 743 2811 μέχρι
770 2727 875 2808 μόνης
900 2724 1094 2802 ὑποδέσεως

85 2969 175 3037 tione;
194 2969 257 3024 fort.
277 2976 301 3024 λ.
321 2970 443 3025 ἀκούειν.
515 2969 604 3024 atium
621 2986 677 3023 non
696 2969 793 3024 obstat
810 2969 851 3040 (in
870 2969 989 3040 singulis
1009 2970 1093 3024 versi-

85 3040 138 3093 bus
170 3040 300 3122 librarius
327 3040 435 3122 ‘XXXX
448 3073 479 3081 -
518 3038 646 3121 XXXIV·
664 3040 774 3095 litteras
806 3039 926 3094 scribere
964 3040 1093 3121 solebat),

83 3128 366 3237 ltssttntttffil
394 3110 1094 3251 ttttl,ttsstumlzmp¹ttttf¹ztttlt

84 3253 209 3307 versibus
227 3253 317 3308 XXIV
340 3253 433 3324 (huius
453 3253 585 3309 editionis
603 3254 661 3307 fere
680 3252 765 3322 XXV)
784 3252 955 3334 Philoponus
974 3252 1009 3306 de
1028 3252 1090 3307 loco

84 3324 222 3394 exscripto
249 3324 376 3394 pluribus
403 3323 513 3379 loeutus
542 3327 597 3392 est;
634 3324 711 3378 ouius
739 3323 934 3393 explicatsonis
968 3323 1031 3377 finis
1060 3323 1091 3377 in

82 3395 151 3450 folio
170 3395 336 3466 insequente
354 3398 428 3465 (pag.
443 3402 503 3463 643,
524 3398 606 3478 66η.)
624 3395 706 3449 nobis
725 3397 850 3449 servatus
870 3396 925 3462 est,
947 3394 1024 3448 initii
1044 3395 1090 3448 vix

82 3465 211 3536 singulae
230 3467 342 3521 litterae
362 3469 474 3521 exstant
492 3468 547 3537 (fin.
567 3466 658 3521 lineae
678 3471 724 3521 14:
743 3473 777 3520 v?
803 3471 848 3520 17:
868 3473 900 3520 o?
929 3473 969 3521 o?
995 3472 1043 3520 21:
1063 3486 1088 3520 ν.

82 3541 202 3608 28:012).
240 3537 330 3592 verbis
354 3540 449 3592 autem
472 3544 532 3606 646,
547 3542 603 3593 69
631 3540 726 3607 aperte
749 3538 939 3591 monstrantur
961 3536 1089 3591 Platonis

83 3609 168 3663 verba
186 3626 249 3680 pag.
265 3615 325 3676 642,
341 3613 373 3661 21

154 3687 178 3733 3.
197 3685 250 3742 λως
268 3679 498 3750 απηλλτερωεολε
515 3678 672 3733 litterarum
691 3679 786 3749 λασεῙν
804 3681 909 3740 πολεως
925 3677 966 3751 Μ]
991 3694 1043 3731 om.
1063 3681 1089 3746 λς

82 3752 123 3806 sio
141 3752 198 3806 fere
217 3750 360 3820 suppleas:
380 3751 465 3821 <soto
483 3749 626 3812 τοιούτους
644 3749 753 3819 μύθους
769 3757 818 3819 τῆς
837 3747 912 3812 ἰδίας
929 3768 1016 3804 παντο
1038 3752 1090 3810 λῶς

152 3830 176 3877 4.
196 3823 260 3876 fort.
281 3822 373 3875 αὐτῶν
391 3829 450 3884 τοῖς
472 3818 599 3884 πολίταις
705 3819 901 3890 πουοέταξευχ
912 3835 1028 3884 nouem
1043 3832 1105 3865 tow

80 3894 125 3946 Mt
232 3902 252 3946 7.
279 3889 354 3963 μόνη
382 3895 394 3946 t
512 3899 537 3950 8.
561 3892 629 3950 solt.
654 3894 808 3956 τοιούτους
914 3894 967 3940 Ἃ.
990 3903 1007 3935 e
1029 3889 1134 3944 tm*

71 3977 147 4015 evan.
171 3962 217 4032 Μ]
238 3978 291 4018 om.
317 3964 330 4016 t

938 4037 997 4094 *A*
