2394 4208
91 566 128 623 v1
141 573 184 623 ιο.
205 569 251 641 ιι]
358 567 408 623 DE
425 565 685 622 AETERNITATE
703 563 825 625 mvl
1041 569 1104 634 155

88 729 192 809 δειξις
215 728 459 808 ἐκδιδάξαντες·
481 733 512 797 ελ
534 732 598 817 γάρ
622 756 653 796 τι
673 731 796 818 ὁρατὸν
814 729 869 796 καλ
888 731 994 798 ἁπτόν
1012 731 1104 798 ἐστιν

86 836 145 903 καλ
172 848 267 922 σῶμα
294 841 386 922 ἔχον,
414 846 514 903 τοῦτο
541 847 636 925 τριχῇ
665 839 843 905 διαστατὸν
870 840 950 923 μετὰ
973 838 1104 905 άντιτν-

87 948 167 1022 πιάς
189 942 245 1009 καλ
268 943 469 1029 ὠγκωμένον
492 944 554 1010 οὐκ
577 947 667 1010 ἐστιν
685 944 816 1011 ἁπλοῦν
834 944 918 1010 ἀλλὰ
936 946 1105 1012 σύνθετον

87 1049 123 1129 ἐξ
146 1052 230 1136 ῧλης
252 1050 307 1116 καί
331 1052 465 1129 εἴδουςῖ
510 1059 614 1116 ταῦτα
636 1051 691 1117 καί
714 1051 732 1117 ὁ
756 1053 965 1139 Πορφύριος.

155 1155 218 1223 αι’.
242 1155 358 1223 Ἔστιν
388 1154 426 1223 δὲ
454 1159 539 1243 πρὸς
571 1159 718 1235 ἅπαντας
750 1158 873 1236 αὐτοὺς
904 1160 1025 1244 εἰπεῖν,
1057 1159 1103 1238 ὡς
1130 1184 1144 1227 ε

85 1275 222 1350 πρῶτον
251 1260 313 1348 μὲν
342 1264 380 1329 τὸ
411 1262 533 1350 ἐτέρων
562 1264 816 1349 σημαινομένων
846 1264 992 1350 ὀνόματα
1020 1264 1098 1332 καθ’

86 1369 210 1457 ἐτέρων
238 1369 425 1437 ἐπιτιθέναι
452 1371 706 1456 σημαινομένων
728 1373 786 1449 τὰς
809 1376 970 1457 συνηδεις
992 1393 1103 1459 παρω·

85 1475 252 1561 σαμένονς
282 1481 509 1564 προσηγορίας
539 1483 665 1563 πολλῆς
696 1477 788 1544 ἐστιν
817 1477 1018 1563 αὐτονομίας
1046 1477 1102 1544 καλ

85 1581 254 1661 ἐξουσίας·
284 1584 351 1649 ἔδει
382 1586 445 1670 γάρ
476 1583 614 1669 αὐτούς,
644 1590 736 1670 εἴπερ
766 1592 865 1648 τοῦτο
895 1580 939 1668 ἦν
969 1584 1102 1670 ἀληθές,

85 1688 195 1768 δεῖξαί
221 1712 289 1755 που
318 1701 387 1755 τῶν
417 1692 584 1775 διαλόγων
613 1691 673 1756 τὸν
701 1690 867 1755 Πλάτωνα
893 1691 931 1755 τὸ
960 1692 1102 1775 γενητὸν
1116 1720 1143 1759 ιο

84 1806 203 1880 σαφῶς
226 1794 301 1862 άντλ
323 1805 385 1863 τοῦ
406 1796 573 1863 συνθέτου
592 1797 894 1882 μεταλαμβάνοντα
931 1795 1002 1861 ἀλλ’
1021 1795 1102 1864 οὐδὲ

84 1904 105 1988 ἡ
135 1905 233 1987 κοινὴ
263 1913 332 1969 τῶν
362 1903 554 1991 ἀνθρώπων
583 1913 699 1989 χρῆσις
731 1904 900 1969 σύνθετόν
931 1926 962 1967 τι
994 1904 1102 1969 εἰπεῖν

84 2010 275 2094 βουλομένη
304 2008 378 2076 άντλ
405 2008 575 2077 συνθέτου
603 2011 640 2075 τὸ
669 2010 810 2095 γενητὸν
832 2009 1011 2094 μετέλαβεν
1034 2010 1101 2075 πά-

83 2136 180 2182 ποτε·
213 2113 306 2183 οἶδεν
337 2117 400 2203 γάρ
432 2115 488 2182 καλ
520 2116 541 2201 ἡ
574 2119 754 2202 συνήθεια,
786 2117 831 2194 ὡς
861 2118 942 2182 ἄλλο
971 2112 1034 2201 μὲν
1062 2117 1100 2181 τὸ

84 2222 228 2307 γενητὸν
256 2226 424 2307 σημαίνει,
457 2224 538 2288 ἄλλο
568 2219 605 2288 δὲ
632 2224 670 2287 τὸ
698 2224 875 2289 σύνθετον.
921 2220 992 2288 ἀλλ’
1020 2219 1100 2288 οὐδὲ
1115 2248 1141 2291 ιε

84 2331 123 2395 ἐκ
145 2352 239 2407 τινος
262 2330 366 2395 άλλον
389 2340 457 2395 τῶν
479 2328 714 2416 ἀρχαιοτέρων,
733 2329 815 2395 ὅσον
833 2328 892 2415 ἐμέ
907 2353 945 2414 γε
964 2328 1100 2415 εἰδέναι,
1179 2400 1187 2415 ‚

83 2437 106 2520 ἥ
130 2459 223 2513 τινος
250 2437 468 2522 λογογράφου
492 2433 632 2502 δύναται
655 2438 777 2502 τούτου
800 2436 882 2521 ἡμῖν
904 2439 966 2521 τὴν
987 2439 1102 2502 πίστιν

82 2546 243 2626 κομίζειν,
267 2548 301 2607 εί
318 2563 384 2608 που
409 2541 557 2629 ἐναργῶς
579 2545 616 2608 τὸ
640 2544 810 2609 σύνθετον
833 2544 880 2622 είς
903 2544 940 2608 τὸ
959 2543 1102 2627 γενητὸν

82 2647 265 2733 μετέλαβέν
291 2669 355 2727 τις·
383 2649 402 2715 ὁ
430 2651 493 2735 γὰρ
517 2646 745 2736 Ἀριστοτέλης
771 2649 808 2715 ἐν
830 2657 878 2738 τῷ
899 2651 1019 2738 πρώτω
1042 2658 1101 2733 της

83 2753 162 2842 περὶ
195 2755 344 2843 οὐρανοῦ
382 2757 423 2820 τὰ
462 2763 524 2820 τοῦ
561 2765 703 2840 γενητοῦ
736 2753 792 2821 καὶ
824 2755 987 2840 άγενήτον
1024 2778 1099 2820 κατ-
1113 2782 1142 2822 ιο

84 2862 337 2948 αριθμοάμενος
364 2863 591 2945 σημαινόμενα
618 2861 769 2945 οὐδαμοῦ
796 2862 834 2926 τὸ
866 2859 900 2938 ἐξ
931 2862 1015 2945 ὕλης
1045 2859 1101 2928 καί

83 2969 201 3046 είδονς
221 2969 225 3052 Ι
246 2970 414 3034 σύνθετον
431 2969 573 3052 γενητὸν
587 2963 673 3033 εἶναι
687 2966 844 3052 λέγεσθαι
860 2968 1038 3054 διωρίσατο
1053 2985 1093 3027 101
1100 2986 1155 3028 σοι

81 3075 103 3160 ἢ
125 3074 287 3160 ἀγένητον
304 3075 342 3139 τὸ
362 3074 492 3166 Ιδιπλοῦν
508 3072 564 3139 καλ
583 3073 783 3158 ἀσύνθετον,
798 3076 843 3151 ὡς
860 3073 897 3139 ε’ν
916 3072 1041 3161 ἑτέροις
1058 3077 1100 3141 τά

80 3191 145 3248 τοῦ
164 3181 288 3268 ἀνδρὸς
305 3179 508 3261 ἐξετάζοντες
526 3179 687 3265 δείξομεν.
719 3191 790 3258 πῶς
808 3174 872 3246 οὖν
891 3180 953 3246 οὐκ
972 3183 1099 3247 άτοπον

155 3381 179 3429 1.
200 3373 302 3441 ὁρατὸν
320 3375 389 3428 κελαι
417 3371 634 3428 cf.1³lat.'rim.
654 3373 717 3428 283
807 3372 1099 3429 Παντικάπαιον
1135 3348 1137 3352 A

80 3443 161 3520 (ὃν)
223 3451 246 3500 3.
267 3444 427 3515 ὀγκωμένον
444 3443 475 3497 Μ
534 3443 570 3498 cf.
589 3443 675 3499 etiam
693 3443 768 3499 infra
785 3443 858 3499 ΧΙὸ
914 3451 938 3500 6.
958 3446 1096 3585 megala

78 3534 118 3574 οι
136 3536 179 3585 ον,
198 3516 227 3570 Μ
317 3522 359 3570 16.
397 3513 541 3598 cuv-V
559 3514 615 3571 litt.
643 3515 695 3570 ult.
714 3534 747 3584 ει,
767 3516 850 3586 ενοι]
875 3517 982 3571 ειδέναι
1032 3513 1094 3587 Ml

78 3593 146 3644 πολ
170 3587 200 3641 in
222 3603 276 3642 ras.
296 3587 358 3640 ΙΙ-
418 3585 484 3654 htt„
503 3586 533 3640 Μ
556 3583 593 3658 (γ’
611 3559 701 3642 ἐποίει
719 3584 824 3642 εἰδέναι
843 3595 903 3655 τοῦ,
921 3589 984 3641 tum
1015 3586 1021 3598 '
1045 3603 1096 3644 eae

78 3658 136 3714 nub
153 3655 228 3713 ποίει
248 3660 277 3713 et
294 3655 311 3727 ἦ
331 3657 434 3712 ductae
452 3660 481 3712 et
498 3673 585 3712 manu
602 3661 675 3728 post.
695 3656 725 3712 in
743 3674 831 3729 marg.
852 3655 869 3726 ἢ
889 3657 993 3728 πείρα,
1013 3660 1042 3729 p)

80 3736 126 3786 18.
144 3731 274 3799 nomm
293 3728 322 3782 Μ
395 3735 436 3783 ιο.
456 3726 605 3800 μετέλαβεν
623 3728 669 3798 (ει.
685 3734 745 3796 ιω,
761 3735 803 3783 ιι.
823 3734 884 3798 ιω,
900 3735 943 3784 ιο.
964 3735 1025 3800 ιοο,
1040 3731 1097 3803 ιω]

80 3801 231 3873 μετεβαλεκ
249 3800 279 3854 Μ
368 3798 453 3854 An‘st.
473 3799 508 3854 de
527 3798 606 3855 caelo
625 3805 648 3853 A
667 3805 699 3853 ll
740 3799 868 3855 .280b1
965 3806 1007 3854 22.
1031 3803 1098 3857 δια·

78 3869 281 3997 ρὶισιιιοτοῖῑῆὶἱ
301 3886 336 3925 ex
359 3888 384 3925 ει
407 3888 435 3924 m
456 3875 486 3940 2,
509 3870 539 3924 Μ
647 3876 689 3925 24.
726 3890 914 3940 νκατατοπον,
932 3890 967 3926 τα
985 3872 1098 3943 punctis

101 3959 139 3998 ε.
159 3960 189 3997 m
226 3986 233 4012 ,
