2394 4208
10 39 840 350 -
919 138 942 185 (ι

64 545 106 604 111
121 554 146 604 7.
165 547 217 622 lv]
339 547 387 602 DE
405 547 664 604 AETERNI'PATE
683 548 803 605 MVNDI
1033 551 1077 616 55

66 709 138 776 ἀλλ’
161 710 263 789 αὐτὸς
285 708 404 776 ἑαυτὸν
426 709 463 776 ἐκ
486 712 657 796 δυνάμεως
680 713 728 790 εἰς
746 711 915 798 ἐνέργειαν
933 712 1076 796 ἀγαγών.

66 822 104 882 τί
129 816 157 882 δ’
185 817 228 883 ἂν
255 822 361 895 ελτοις
389 817 443 883 ἐπὶ
472 827 533 884 τοῦ
566 822 747 885 σκυλακίου
780 827 841 884 τοῦ
869 818 1076 904 άρτιγενοῦς;

66 925 208 1009 δυνάμει
231 925 294 1010 γάρ
318 923 475 1009 ὁρατικὸν
498 924 539 990 δν
560 924 580 1010 ἣ
604 926 782 990 ὑλακτικὸν
801 926 862 1009 οὐχ
880 923 938 1010 ὑφ’
962 924 1076 1011 ἑτέρου

64 1031 158 1108 τινὸς
176 1028 327 1116 ἐνεργείᾳ
350 1033 446 1110 ὄντος
464 1033 578 1115 ἄγεται
597 1033 644 1109 είς
661 1033 698 1096 τὸ
717 1030 786 1097 κατ’
806 1030 976 1118 ἐνέργειαν
993 1031 1077 1118 ὁρᾶν

64 1136 86 1220 ἢ
109 1137 276 1221 ὑλακτεῖν,
304 1134 374 1201 ἀλλ’
397 1137 478 1203 αὐτὸ
501 1137 566 1202 ὑπὸ
594 1149 652 1222 τῆς
675 1136 795 1204 ἑαυτοῦ
821 1139 955 1223 φάσεως
976 1142 1076 1202 τελει-
1104 1163 1116 1203 ⁵

65 1253 176 1308 οῦται·
203 1245 233 1308 εί
260 1246 305 1329 μή
328 1267 378 1321 τις
400 1242 455 1309 ἐπὶ
481 1240 544 1328 μέν
565 1253 625 1309 τοῦ
652 1243 815 1330 προτέρου
842 1245 903 1309 τὸν
925 1245 1075 1307 καθόλου

65 1358 153 1414 νοῦν
184 1350 327 1415 αἰτιᾶται
358 1358 419 1416 τοῦ
449 1351 510 1415 τὸν
541 1350 681 1435 δυνάμει
712 1360 798 1416 νοῦν
830 1352 877 1429 εἰς
907 1347 1077 1434 ἐνέργειαν

65 1456 294 1540 μεταβάλλειν,
315 1455 369 1521 ἐπὶ
388 1452 425 1521 δὲ
444 1465 503 1522 τοῦ
523 1455 681 1542 δευτέρου
704 1458 766 1540 τὴν
785 1460 936 1522 καθόλου
956 1458 1076 1540 φῦσιν·

66 1559 138 1627 ἀλλ’
162 1564 192 1628 εί
220 1561 276 1628 καὶ
306 1571 405 1628 τοῦτο
438 1566 713 1649 συγχωρήσωμεν,
745 1562 807 1627 οῦκ
838 1561 881 1627 ἂν
912 1570 998 1628 εἴκοι
1026 1586 1076 1641 τις

64 1669 145 1734 οὔτε
167 1670 228 1733 τὸν
249 1670 401 1735 καθόλου
424 1679 509 1735 νοῦν
531 1668 680 1756 ἐνεργείᾳ
697 1667 877 1755 κρίστηνῆ
897 1671 1077 1754 οἰκοδόμον
1091 1695 1117 1734 ιο

65 1777 88 1860 ἦ
111 1798 144 1840 τι
166 1785 322 1841 τοιοῦτον
344 1771 429 1840 εἶναι
454 1777 530 1841 οὔτε
553 1778 614 1860 τὴν
636 1778 787 1841 καθόλου
806 1776 910 1859 φῦσιν
929 1775 1077 1862 ἐνεργείᾳ

68 1881 228 1966 ὁρατικὴν
244 1880 265 1965 ἢ
280 1881 462 1966 ῦλακτικὴν
479 1880 550 1947 ἀλλ’
569 1882 680 1960 ἁπλῶς
698 1881 857 1968 ἐνεργείᾳ,
875 1883 932 1946 ἵνα
949 1884 992 1966 μὴ
1007 1882 1076 1947 ἐπι-

66 1986 172 2054 πλέον
189 1987 323 2054 ἐκτείνιο
341 1989 402 2054 τὸν
420 1991 523 2074 λόγον
542 1993 646 2073 ζητῶν
668 1988 743 2076 περὶ
766 1985 827 2073 μέν
847 1997 907 2053 τοῦ
925 1991 1076 2054 καθόλου

65 2103 142 2178 νοῦ,
165 2094 222 2159 διὰ
243 2097 280 2159 τί
298 2105 401 2160 τινῶν
423 2091 485 2179 μέν
506 2096 544 2159 τὸ
569 2095 707 2179 δυνάμει
731 2096 803 2178 ἄγει
826 2096 873 2172 εἰς
897 2094 1076 2181 ἐνέργειαν,

65 2211 171 2266 τινῶν
193 2196 231 2266 δέ
254 2202 310 2286 οῦ,
338 2199 414 2287 περὶ
438 2197 475 2266 δέ
498 2210 556 2285 τῆς
578 2202 729 2266 καθόλου
758 2203 905 2285 φάσεως,
933 2203 962 2267 ελ
985 2204 1116 2267 ἐστινιε

65 2308 152 2384 όλιος
181 2305 236 2372 καί
263 2307 301 2372 ἐν
327 2310 394 2373 τίνι
421 2309 458 2373 τὸ
488 2303 574 2373 εἶναι
602 2310 681 2392 ἔχει·
711 2307 752 2373 οῦ
781 2310 843 2393 γάρ
871 2311 963 2374 ἐστιν
984 2308 1022 2374 έν
1044 2332 1076 2374 τι

64 2415 219 2479 καθόλου
238 2424 332 2497 σῶμα
349 2414 511 2498 κοσμικόν
528 2412 604 2499 παρ’
624 2413 763 2479 ἕκαστον
780 2426 849 2480 τῶν
865 2416 947 2480 κατὰ
963 2413 1076 2501 μέρος·

64 2521 151 2586 ὥστε
170 2516 250 2586 οὐδὲ
269 2523 373 2605 φῦσις
390 2523 482 2586 ἐστιν
499 2524 664 2586 καθόλου·
687 2522 724 2585 τὸ
743 2522 806 2606 γάρ
825 2523 975 2587 καθόλου
994 2523 1076 2586 κατὰ

59 2625 293 2713 Ἀριστοτέλην
314 2624 335 2709 ἢ
359 2624 461 2691 οὐδέν
487 2625 580 2692 ἐστιν
605 2624 626 2709 ἢ
649 2623 864 2714 ῦστερογενές
890 2626 945 2692 καὶ
973 2626 1010 2692 ἐν
1035 2638 1075 2714 τῇ

63 2733 198 2820 ἐπινοίᾳ
219 2743 259 2819 τῇ
281 2731 422 2819 ἡμετέρᾳ
443 2733 481 2797 τὸ
505 2728 591 2797 εἶναι
614 2736 702 2818 ἔχον,
726 2735 755 2799 εί
777 2735 821 2818 μὴ
840 2736 990 2798 καθόλου
1010 2734 1074 2817 φῦ·
1088 2759 1115 2798 ιο

64 2857 123 2906 σιν
144 2864 197 2918 τις
220 2838 311 2923 λέγοι
334 2841 396 2923 τὴν
419 2839 608 2923 σύμπνοιάν
630 2862 665 2904 τε
687 2838 742 2904 καὶ
764 2841 847 2925 πρὸς
870 2841 995 2923 ἄλληλα
1018 2839 1075 2924 άρ-

60 2950 188 3031 μανίαν
209 2957 278 3012 τῶν
299 2954 359 3011 τοῦ
382 2947 509 3030 κόσμου
532 2955 650 3032 μερῶν.

272 3049 373 3128 Τέλος
396 3053 521 3129 λύσεως
543 3059 604 3116 τοῦ
627 3054 741 3136 τρίτου
765 3052 876 3133 λόγου.
1007 3085 1009 3088 <

192 3460 378 3544 Πρόκλου
401 3459 595 3543 διαδόχου
619 3461 736 3542 λόγος
758 3456 950 3544 τέταρτος.

131 3581 335 3669 «Τέταρτος
361 3590 429 3648 πᾶν
455 3584 492 3648 τὸ
521 3581 554 3661 ἐξ
582 3583 740 3668 ἀκινήτου
764 3586 944 3666 γινόμενον
966 3583 1074 3648 αίτίου
1088 3609 1115 3650 ιε

59 3693 147 3757 κατά
169 3691 232 3773 τὴν
256 3689 398 3776 ὕπαρξιν
425 3689 583 3775 ἀκίνητόν
610 3689 713 3754 ἐστιν·
742 3689 771 3753 εί
798 3689 862 3774 γάρ
889 3690 927 3753 τὸ
954 3697 1076 3754 ποιοῦν

272 3847 405 3967 WB!
456 3852 496 3902 16.
517 3845 652 3904 ολΑήελ.
672 3847 709 3906 de
729 3848 810 3909 eaelo
828 3854 883 3909 Fb
949 3856 996 3909 m.
1016 3868 1101 3908 υοτε-
